<?xml version="1.0" encoding="UTF-8"?>
<!DOCTYPE html PUBLIC "-//W3C//DTD XHTML 1.0 Transitional//EN"
    "http://www.w3.org/TR/xhtml1/DTD/xhtml1-transitional.dtd">
<html xmlns="http://www.w3.org/1999/xhtml" xml:lang="en" lang="en">
 <head>
  <title>
</title>
<meta http-equiv="Content-Type" content="text/html;charset=utf-8" />
  <meta name='ocr-system' content='tesseract 3.04.00' />
  <meta name='ocr-capabilities' content='ocr_page ocr_carea ocr_par ocr_line ocrx_word'/>
</head>
<body>
  <div class='ocr_page' id='page_1' title='image "./grammaticilatin04hagagoog/grammaticilatin04hagagoog_0478.png"; bbox 0 0 3400 5325; ppageno 0'>
   <div class='ocr_carea' id='block_1_1' title="bbox 230 168 969 233">
    <p class='ocr_par' dir='ltr' id='par_1_1' title="bbox 230 168 969 233">
     <span class='ocr_line' id='line_1_1' title="bbox 230 168 969 233; baseline -0.004 -1"><span class='ocrx_word' id='word_1_1' title='bbox 230 170 293 233; x_wconf 75' lang='lat'><strong>452</strong></span> <span class='ocrx_word' id='word_1_2' title='bbox 783 168 969 231; x_wconf 78' lang='lat' dir='ltr'><strong>PlllSClle</strong></span> 
     </span>
    </p>
   </div>
   <div class='ocr_carea' id='block_1_2' title="bbox 229 283 1526 437">
    <p class='ocr_par' dir='ltr' id='par_1_2' title="bbox 229 283 1526 437">
     <span class='ocr_line' id='line_1_2' title="bbox 283 283 1474 339; baseline -0.003 -13"><span class='ocrx_word' id='word_1_3' title='bbox 283 300 304 339; x_wconf 71' lang='lat' dir='ltr'><strong>p.</strong></span> <span class='ocrx_word' id='word_1_4' title='bbox 316 286 372 329; x_wconf 77' lang='lat' dir='ltr'><strong>rara.</strong></span> <span class='ocrx_word' id='word_1_5' title='bbox 388 286 412 326; x_wconf 87' lang='lat' dir='ltr'><strong>ra</strong></span> <span class='ocrx_word' id='word_1_6' title='bbox 422 286 446 327; x_wconf 78' lang='lat' dir='ltr'><strong>v.</strong></span> <span class='ocrx_word' id='word_1_7' title='bbox 1315 293 1338 334; x_wconf 74' lang='lat' dir='ltr'><strong>p.</strong></span> <span class='ocrx_word' id='word_1_8' title='bbox 1351 283 1396 325; x_wconf 83' lang='lat' dir='ltr'><strong>rra.</strong></span> <span class='ocrx_word' id='word_1_9' title='bbox 1411 283 1437 325; x_wconf 80' lang='lat' dir='ltr'><strong>ar</strong></span> <span class='ocrx_word' id='word_1_10' title='bbox 1447 284 1474 325; x_wconf 83' lang='grc' dir='ltr'><strong>ιι.</strong></span> 
     </span>
     <span class='ocr_line' id='line_1_3' title="bbox 229 352 1526 437; baseline -0.005 -18"><span class='ocrx_word' id='word_1_11' title='bbox 229 366 259 419; x_wconf 91' lang='lat' dir='ltr'><strong>et</strong></span> <span class='ocrx_word' id='word_1_12' title='bbox 284 356 604 437; x_wconf 71' lang='lat' dir='ltr'><strong>plusquamperfectum</strong></span> <span class='ocrx_word' id='word_1_13' title='bbox 640 355 808 433; x_wconf 85' lang='lat' dir='ltr'><strong>utriusque,</strong></span> <span class='ocrx_word' id='word_1_14' title='bbox 844 362 875 415; x_wconf 92' lang='lat' dir='ltr'><strong>ut</strong></span> <span class='ocrx_word' id='word_1_15' title='bbox 905 373 1031 415; x_wconf 88' lang='lat' dir='ltr'><strong>amarem</strong></span> <span class='ocrx_word' id='word_1_16' title='bbox 1062 374 1192 429; x_wconf 78' lang='lat' dir='ltr'><strong>amareS,</strong></span> <span class='ocrx_word' id='word_1_17' title='bbox 1224 354 1359 415; x_wconf 91' lang='lat' dir='ltr'><strong>docerem</strong></span> <span class='ocrx_word' id='word_1_18' title='bbox 1391 352 1526 427; x_wconf 87' lang='lat' dir='ltr'><strong>doceres,</strong></span> 
     </span>
    </p>
   </div>
   <div class='ocr_carea' id='block_1_3' title="bbox 180 456 1567 4394">
    <p class='ocr_par' dir='ltr' id='par_1_3' title="bbox 180 456 1567 4394">
     <span class='ocr_line' id='line_1_4' title="bbox 230 456 1529 537; baseline -0.002 -19"><span class='ocrx_word' id='word_1_19' title='bbox 230 459 359 537; x_wconf 90' lang='lat' dir='ltr'><strong>legerem</strong></span> <span class='ocrx_word' id='word_1_20' title='bbox 386 457 515 535; x_wconf 87' lang='lat' dir='ltr'><strong>legeres,</strong></span> <span class='ocrx_word' id='word_1_21' title='bbox 544 456 673 517; x_wconf 77' lang='lat' dir='ltr'><strong>audirem</strong></span> <span class='ocrx_word' id='word_1_22' title='bbox 707 457 841 529; x_wconf 88' lang='lat' dir='ltr'><strong>audires,</strong></span> <span class='ocrx_word' id='word_1_23' title='bbox 867 457 1040 516; x_wconf 80' lang='lat' dir='ltr'><strong>amavissem</strong></span> <span class='ocrx_word' id='word_1_24' title='bbox 1068 456 1248 529; x_wconf 87' lang='lat' dir='ltr'><strong>amavisses,</strong></span> <span class='ocrx_word' id='word_1_25' title='bbox 1277 456 1444 517; x_wconf 80' lang='lat' dir='ltr'><strong>docuissem</strong></span> <span class='ocrx_word' id='word_1_26' title='bbox 1473 456 1529 516; x_wconf 94' lang='lat' dir='ltr'><strong>do·</strong></span> 
     </span>
     <span class='ocr_line' id='line_1_5' title="bbox 181 556 1526 637; baseline -0.003 -16"><span class='ocrx_word' id='word_1_27' title='bbox 181 560 215 612; x_wconf 79' lang='lat'><strong>46</strong></span> <span class='ocrx_word' id='word_1_28' title='bbox 233 561 361 631; x_wconf 87' lang='lat' dir='ltr'><strong>cuisses,</strong></span> <span class='ocrx_word' id='word_1_29' title='bbox 381 558 519 637; x_wconf 82' lang='lat' dir='ltr'><strong>legissem</strong></span> <span class='ocrx_word' id='word_1_30' title='bbox 541 556 680 633; x_wconf 77' lang='lat' dir='ltr'><strong>legisses,</strong></span> <span class='ocrx_word' id='word_1_31' title='bbox 704 556 851 618; x_wconf 84' lang='lat' dir='ltr'><strong>audissem</strong></span> <span class='ocrx_word' id='word_1_32' title='bbox 879 556 1028 633; x_wconf 62' lang='lat' dir='ltr'><strong>audissem</strong></span> <span class='ocrx_word' id='word_1_33' title='bbox 1059 556 1192 617; x_wconf 90' lang='lat' dir='ltr'><strong>similiter</strong></span> <span class='ocrx_word' id='word_1_34' title='bbox 1212 558 1371 636; x_wconf 92' lang='lat' dir='ltr'><strong>optativum</strong></span> <span class='ocrx_word' id='word_1_35' title='bbox 1393 559 1526 618; x_wconf 88' lang='lat' dir='ltr'><strong>luturum</strong></span> 
     </span>
     <span class='ocr_line' id='line_1_6' title="bbox 232 658 1526 739; baseline -0.002 -18"><span class='ocrx_word' id='word_1_36' title='bbox 232 662 293 721; x_wconf 86' lang='lat' dir='ltr'><strong>sive</strong></span> <span class='ocrx_word' id='word_1_37' title='bbox 321 659 538 722; x_wconf 89' lang='lat' dir='ltr'><strong>subiunctivum</strong></span> <span class='ocrx_word' id='word_1_38' title='bbox 567 678 709 739; x_wconf 83' lang='lat' dir='ltr'><strong>praesens</strong></span> <span class='ocrx_word' id='word_1_39' title='bbox 738 658 851 738; x_wconf 91' lang='lat' dir='ltr'><strong>primae</strong></span> <span class='ocrx_word' id='word_1_40' title='bbox 881 658 1110 736; x_wconf 87' lang='lat' dir='ltr'><strong>coniugationis,</strong></span> <span class='ocrx_word' id='word_1_41' title='bbox 1144 668 1175 719; x_wconf 92' lang='lat' dir='ltr'><strong>nt</strong></span> <span class='ocrx_word' id='word_1_42' title='bbox 1203 676 1298 719; x_wconf 90' lang='lat' dir='ltr'><strong>amem</strong></span> <span class='ocrx_word' id='word_1_43' title='bbox 1327 678 1408 721; x_wconf 87' lang='lat' dir='ltr'><strong>omes</strong></span> <span class='ocrx_word' id='word_1_44' title='bbox 1437 668 1526 719; x_wconf 89' lang='lat' dir='ltr'><strong>amet.</strong></span> 
     </span>
     <span class='ocr_line' id='line_1_7' title="bbox 231 760 1555 841; baseline -0.001 -18"><span class='ocrx_word' id='word_1_45' title='bbox 231 764 334 823; x_wconf 77' lang='lat' dir='ltr'><strong>tertiae</strong></span> <span class='ocrx_word' id='word_1_46' title='bbox 347 760 562 839; x_wconf 90' lang='lat' dir='ltr'><strong>coniugationis</strong></span> <span class='ocrx_word' id='word_1_47' title='bbox 582 760 821 833; x_wconf 84' lang='lat' dir='ltr'><strong>declinationem,</strong></span> <span class='ocrx_word' id='word_1_48' title='bbox 845 778 931 839; x_wconf 90' lang='lat' dir='ltr'><strong>quam</strong></span> <span class='ocrx_word' id='word_1_49' title='bbox 947 760 1035 820; x_wconf 90' lang='lat' dir='ltr'><strong>babet</strong></span> <span class='ocrx_word' id='word_1_50' title='bbox 1052 777 1193 841; x_wconf 88' lang='lat' dir='ltr'><strong>praesens</strong></span> <span class='ocrx_word' id='word_1_51' title='bbox 1210 760 1372 835; x_wconf 78' lang='lat' dir='ltr'><strong>indicativi,</strong></span> <span class='ocrx_word' id='word_1_52' title='bbox 1396 761 1555 823; x_wconf 77' lang='lat' dir='ltr'><strong>lutmum⁵</strong></span> 
     </span>
     <span class='ocr_line' id='line_1_8' title="bbox 233 861 1529 943; baseline -0.001 -18"><span class='ocrx_word' id='word_1_53' title='bbox 233 865 343 943; x_wconf 88' lang='lat' dir='ltr'><strong>primae</strong></span> <span class='ocrx_word' id='word_1_54' title='bbox 366 872 395 923; x_wconf 88' lang='lat' dir='ltr'><strong>et</strong></span> <span class='ocrx_word' id='word_1_55' title='bbox 418 863 564 923; x_wconf 90' lang='lat' dir='ltr'><strong>secundae</strong></span> <span class='ocrx_word' id='word_1_56' title='bbox 584 861 799 939; x_wconf 88' lang='lat' dir='ltr'><strong>coniugationis</strong></span> <span class='ocrx_word' id='word_1_57' title='bbox 819 869 930 933; x_wconf 88' lang='lat' dir='ltr'><strong>servat,</strong></span> <span class='ocrx_word' id='word_1_58' title='bbox 954 869 985 921; x_wconf 94' lang='lat' dir='ltr'><strong>ut</strong></span> <span class='ocrx_word' id='word_1_59' title='bbox 1004 861 1108 921; x_wconf 84' lang='lat' dir='ltr'><strong>amabo</strong></span> <span class='ocrx_word' id='word_1_60' title='bbox 1130 861 1242 921; x_wconf 78' lang='lat' dir='ltr'><strong>amalvis</strong></span> <span class='ocrx_word' id='word_1_61' title='bbox 1265 861 1388 936; x_wconf 90' lang='lat' dir='ltr'><strong>amabit,</strong></span> <span class='ocrx_word' id='word_1_62' title='bbox 1412 863 1529 924; x_wconf 86' lang='lat' dir='ltr'><strong>docebo</strong></span> 
     </span>
     <span class='ocr_line' id='line_1_9' title="bbox 180 962 1531 1041; baseline -0.001 -16"><span class='ocrx_word' id='word_1_63' title='bbox 180 970 214 1022; x_wconf 84' lang='grc'><strong>47</strong></span> <span class='ocrx_word' id='word_1_64' title='bbox 234 965 354 1027; x_wconf 89' lang='lat' dir='ltr'><strong>docebis</strong></span> <span class='ocrx_word' id='word_1_65' title='bbox 376 963 493 1024; x_wconf 89' lang='lat' dir='ltr'><strong>docebit</strong></span> <span class='ocrx_word' id='word_1_66' title='bbox 501 984 510 1040; x_wconf 93' lang='lat'>;</span> <span class='ocrx_word' id='word_1_67' title='bbox 537 962 670 1025; x_wconf 88' lang='lat' dir='ltr'><strong>similiter</strong></span> <span class='ocrx_word' id='word_1_68' title='bbox 696 970 816 1041; x_wconf 90' lang='lat' dir='ltr'><strong>quartae</strong></span> <span class='ocrx_word' id='word_1_69' title='bbox 839 964 868 1022; x_wconf 91' lang='lat' dir='ltr'><strong>in</strong></span> <span class='ocrx_word' id='word_1_70' title='bbox 893 982 927 1023; x_wconf 88' lang='lat' dir='ltr'><strong>eo</strong></span> <span class='ocrx_word' id='word_1_71' title='bbox 949 962 1126 1036; x_wconf 89' lang='lat' dir='ltr'><strong>desinentis,</strong></span> <span class='ocrx_word' id='word_1_72' title='bbox 1151 970 1184 1022; x_wconf 91' lang='lat' dir='ltr'><strong>ut</strong></span> <span class='ocrx_word' id='word_1_73' title='bbox 1204 962 1252 1023; x_wconf 93' lang='lat' dir='ltr'><strong>ibo</strong></span> <span class='ocrx_word' id='word_1_74' title='bbox 1276 962 1331 1023; x_wconf 88' lang='lat' dir='ltr'><strong>ibis</strong></span> <span class='ocrx_word' id='word_1_75' title='bbox 1353 964 1422 1039; x_wconf 91' lang='lat' dir='ltr'><strong>ibit;</strong></span> <span class='ocrx_word' id='word_1_76' title='bbox 1446 964 1531 1023; x_wconf 90' lang='lat' dir='ltr'><strong>simi·</strong></span> 
     </span>
     <span class='ocr_line' id='line_1_10' title="bbox 231 1062 1531 1145; baseline -0.002 -18"><span class='ocrx_word' id='word_1_77' title='bbox 231 1066 299 1127; x_wconf 91' lang='lat' dir='ltr'><strong>liter</strong></span> <span class='ocrx_word' id='word_1_78' title='bbox 318 1065 503 1127; x_wconf 84' lang='lat' dir='ltr'><strong>subiunctiva</strong></span> <span class='ocrx_word' id='word_1_79' title='bbox 522 1063 671 1145; x_wconf 91' lang='lat' dir='ltr'><strong>praeteriti</strong></span> <span class='ocrx_word' id='word_1_80' title='bbox 692 1062 815 1144; x_wconf 87' lang='lat' dir='ltr'><strong>perlecti</strong></span> <span class='ocrx_word' id='word_1_81' title='bbox 835 1072 863 1123; x_wconf 90' lang='lat' dir='ltr'><strong>et</strong></span> <span class='ocrx_word' id='word_1_82' title='bbox 887 1063 976 1125; x_wconf 89' lang='lat' dir='ltr'><strong>luturi</strong></span> <span class='ocrx_word' id='word_1_83' title='bbox 1002 1063 1202 1125; x_wconf 87' lang='lat' dir='ltr'><strong>universarum</strong></span> <span class='ocrx_word' id='word_1_84' title='bbox 1227 1064 1475 1142; x_wconf 88' lang='lat' dir='ltr'><strong>coniugationum,</strong></span> <span class='ocrx_word' id='word_1_85' title='bbox 1495 1074 1531 1124; x_wconf 91' lang='lat' dir='ltr'><strong>ut</strong></span> 
     </span>
     <span class='ocr_line' id='line_1_11' title="bbox 231 1165 1530 1245; baseline -0.001 -17"><span class='ocrx_word' id='word_1_86' title='bbox 231 1169 388 1230; x_wconf 88' lang='lat' dir='ltr'><strong>amaverim</strong></span> <span class='ocrx_word' id='word_1_87' title='bbox 411 1174 597 1227; x_wconf 81' lang='lat' dir='ltr'><strong>clamavero</strong></span> <span class='ocrx_word' id='word_1_88' title='bbox 620 1166 778 1239; x_wconf 88' lang='lat' dir='ltr'><strong>amaveris,</strong></span> <span class='ocrx_word' id='word_1_89' title='bbox 805 1165 956 1226; x_wconf 85' lang='lat' dir='ltr'><strong>docuerim</strong></span> <span class='ocrx_word' id='word_1_90' title='bbox 978 1174 1007 1225; x_wconf 91' lang='lat' dir='ltr'><strong>et</strong></span> <span class='ocrx_word' id='word_1_91' title='bbox 1031 1167 1158 1227; x_wconf 91' lang='lat' dir='ltr'><strong>docuero</strong></span> <span class='ocrx_word' id='word_1_92' title='bbox 1182 1166 1333 1243; x_wconf 75' lang='lat' dir='ltr'><strong>docueriS,</strong></span> <span class='ocrx_word' id='word_1_93' title='bbox 1356 1166 1475 1245; x_wconf 80' lang='lat' dir='ltr'><strong>legerim</strong></span> <span class='ocrx_word' id='word_1_94' title='bbox 1497 1175 1530 1227; x_wconf 86' lang='lat' dir='ltr'><strong>et</strong></span> 
     </span>
     <span class='ocr_line' id='line_1_12' title="bbox 231 1265 1567 1347; baseline -0.001 -19"><span class='ocrx_word' id='word_1_95' title='bbox 231 1269 330 1347; x_wconf 87' lang='lat' dir='ltr'><strong>legero</strong></span> <span class='ocrx_word' id='word_1_96' title='bbox 353 1268 476 1346; x_wconf 90' lang='lat' dir='ltr'><strong>legeris,</strong></span> <span class='ocrx_word' id='word_1_97' title='bbox 498 1268 640 1328; x_wconf 86' lang='lat' dir='ltr'><strong>audierim</strong></span> <span class='ocrx_word' id='word_1_98' title='bbox 661 1274 692 1326; x_wconf 92' lang='lat' dir='ltr'><strong>et</strong></span> <span class='ocrx_word' id='word_1_99' title='bbox 712 1265 832 1327; x_wconf 89' lang='lat' dir='ltr'><strong>audiero</strong></span> <span class='ocrx_word' id='word_1_100' title='bbox 856 1266 993 1327; x_wconf 89' lang='lat' dir='ltr'><strong>audieris.</strong></span> <span class='ocrx_word' id='word_1_101' title='bbox 1541 1280 1567 1319; x_wconf 84' lang='lat'><strong>1⁰</strong></span> 
     </span>
     <span class='ocr_line' id='line_1_13' title="bbox 317 1368 1529 1447; baseline 0.002 -18"><span class='ocrx_word' id='word_1_102' title='bbox 317 1370 371 1430; x_wconf 90' lang='lat' dir='ltr'><strong>llis</strong></span> <span class='ocrx_word' id='word_1_103' title='bbox 395 1370 484 1447; x_wconf 88' lang='lat' dir='ltr'><strong>igitur</strong></span> <span class='ocrx_word' id='word_1_104' title='bbox 511 1368 697 1447; x_wconf 84' lang='lat' dir='ltr'><strong>generalibus</strong></span> <span class='ocrx_word' id='word_1_105' title='bbox 726 1368 811 1428; x_wconf 92' lang='lat' dir='ltr'><strong>trium</strong></span> <span class='ocrx_word' id='word_1_106' title='bbox 840 1368 1078 1445; x_wconf 89' lang='lat' dir='ltr'><strong>coniugationum</strong></span> <span class='ocrx_word' id='word_1_107' title='bbox 1107 1368 1352 1431; x_wconf 86' lang='lat' dir='ltr'><strong>declinationibus</strong></span> <span class='ocrx_word' id='word_1_108' title='bbox 1381 1369 1529 1431; x_wconf 89' lang='lat' dir='ltr'><strong>collectim</strong></span> 
     </span>
     <span class='ocr_line' id='line_1_14' title="bbox 233 1467 1530 1551; baseline 0 -20"><span class='ocrx_word' id='word_1_109' title='bbox 233 1471 284 1531; x_wconf 92' lang='lat' dir='ltr'><strong>tibi</strong></span> <span class='ocrx_word' id='word_1_110' title='bbox 312 1470 453 1551; x_wconf 81' lang='lat' dir='ltr'><strong>expositis</strong></span> <span class='ocrx_word' id='word_1_111' title='bbox 477 1470 514 1530; x_wconf 87' lang='lat' dir='ltr'><strong>dc</strong></span> <span class='ocrx_word' id='word_1_112' title='bbox 538 1467 696 1549; x_wconf 88' lang='lat' dir='ltr'><strong>praeterito</strong></span> <span class='ocrx_word' id='word_1_113' title='bbox 724 1487 842 1547; x_wconf 89' lang='lat' dir='ltr'><strong>quoque</strong></span> <span class='ocrx_word' id='word_1_114' title='bbox 865 1471 996 1548; x_wconf 90' lang='lat' dir='ltr'><strong>perlecto</strong></span> <span class='ocrx_word' id='word_1_115' title='bbox 1022 1470 1197 1547; x_wconf 79' lang='lat' dir='ltr'><strong>generaliter</strong></span> <span class='ocrx_word' id='word_1_116' title='bbox 1218 1471 1384 1533; x_wconf 91' lang='lat' dir='ltr'><strong>doceamus.</strong></span> <span class='ocrx_word' id='word_1_117' title='bbox 1430 1473 1530 1533; x_wconf 78' lang='lat' dir='ltr'><strong>oannis</strong></span> 
     </span>
     <span class='ocr_line' id='line_1_15' title="bbox 231 1571 1531 1654; baseline -0.001 -21"><span class='ocrx_word' id='word_1_118' title='bbox 231 1573 382 1654; x_wconf 91' lang='lat' dir='ltr'><strong>praeteriti</strong></span> <span class='ocrx_word' id='word_1_119' title='bbox 404 1572 526 1652; x_wconf 89' lang='lat' dir='ltr'><strong>perlecti</strong></span> <span class='ocrx_word' id='word_1_120' title='bbox 544 1571 638 1651; x_wconf 91' lang='lat' dir='ltr'><strong>prima</strong></span> <span class='ocrx_word' id='word_1_121' title='bbox 659 1589 785 1648; x_wconf 91' lang='lat' dir='ltr'><strong>persona</strong></span> <span class='ocrx_word' id='word_1_122' title='bbox 805 1571 836 1631; x_wconf 91' lang='lat' dir='ltr'><strong>in</strong></span> <span class='ocrx_word' id='word_1_123' title='bbox 858 1571 866 1631; x_wconf 95' lang='lat' dir='ltr'><strong>i</strong></span> <span class='ocrx_word' id='word_1_124' title='bbox 889 1572 1009 1645; x_wconf 89' lang='lat' dir='ltr'><strong>desinit,</strong></span> <span class='ocrx_word' id='word_1_125' title='bbox 1034 1580 1063 1631; x_wconf 93' lang='lat' dir='ltr'><strong>nt</strong></span> <span class='ocrx_word' id='word_1_126' title='bbox 1086 1572 1195 1645; x_wconf 86' lang='lat' dir='ltr'><strong>amavi,</strong></span> <span class='ocrx_word' id='word_1_127' title='bbox 1219 1573 1302 1634; x_wconf 93' lang='lat' dir='ltr'><strong>cuius</strong></span> <span class='ocrx_word' id='word_1_128' title='bbox 1325 1573 1362 1633; x_wconf 90' lang='lat' dir='ltr'><strong>de</strong></span> <span class='ocrx_word' id='word_1_129' title='bbox 1383 1573 1531 1652; x_wconf 88' lang='lat' dir='ltr'><strong>paenulti-</strong></span> 
     </span>
     <span class='ocr_line' id='line_1_16' title="bbox 231 1669 1530 1763; baseline -0.002 -28"><span class='ocrx_word' id='word_1_130' title='bbox 231 1676 288 1735; x_wconf 87' lang='lat' dir='ltr'><strong>mis</strong></span> <span class='ocrx_word' id='word_1_131' title='bbox 310 1674 415 1763; x_wconf 77' lang='lat' dir='ltr'><strong>litteris</strong></span> <span class='ocrx_word' id='word_1_132' title='bbox 444 1674 487 1734; x_wconf 83' lang='lat' dir='ltr'><strong>vel</strong></span> <span class='ocrx_word' id='word_1_133' title='bbox 509 1672 627 1753; x_wconf 74' lang='lat' dir='ltr'><strong>syllabis</strong></span> <span class='ocrx_word' id='word_1_134' title='bbox 649 1672 678 1732; x_wconf 92' lang='lat' dir='ltr'><strong>in</strong></span> <span class='ocrx_word' id='word_1_135' title='bbox 704 1671 779 1732; x_wconf 90' lang='lat' dir='ltr'><strong>libro</strong></span> <span class='ocrx_word' id='word_1_136' title='bbox 807 1674 938 1734; x_wconf 90' lang='lat' dir='ltr'><strong>secundo</strong></span> <span class='ocrx_word' id='word_1_137' title='bbox 959 1672 1039 1733; x_wconf 89' lang='lat' dir='ltr'><strong>verbi</strong></span> <span class='ocrx_word' id='word_1_138' title='bbox 1061 1674 1096 1733; x_wconf 92' lang='lat' dir='ltr'><strong>de</strong></span> <span class='ocrx_word' id='word_1_139' title='bbox 1122 1674 1278 1753; x_wconf 88' lang='lat' dir='ltr'><strong>praeterito</strong></span> <span class='ocrx_word' id='word_1_140' title='bbox 1303 1669 1409 1755; x_wconf 64' lang='lat' dir='ltr'><strong>latitius</strong></span> <span class='ocrx_word' id='word_1_141' title='bbox 1433 1674 1530 1733; x_wconf 84' lang='lat' dir='ltr'><strong>disse-</strong></span> 
     </span>
     <span class='ocr_line' id='line_1_17' title="bbox 230 1774 1567 1854; baseline 0 -17"><span class='ocrx_word' id='word_1_142' title='bbox 230 1777 353 1838; x_wconf 84' lang='lat' dir='ltr'><strong>ruimus.</strong></span> <span class='ocrx_word' id='word_1_143' title='bbox 392 1775 466 1835; x_wconf 89' lang='lat' dir='ltr'><strong>baec</strong></span> <span class='ocrx_word' id='word_1_144' title='bbox 489 1776 643 1854; x_wconf 90' lang='lat' dir='ltr'><strong>adsumpta</strong></span> <span class='ocrx_word' id='word_1_145' title='bbox 664 1774 702 1834; x_wconf 89' lang='lat' dir='ltr'><strong>sti</strong></span> <span class='ocrx_word' id='word_1_146' title='bbox 727 1774 796 1841; x_wconf 86' lang='lat' dir='ltr'><strong>lacit</strong></span> <span class='ocrx_word' id='word_1_147' title='bbox 818 1774 976 1835; x_wconf 86' lang='lat' dir='ltr'><strong>secundam</strong></span> <span class='ocrx_word' id='word_1_148' title='bbox 997 1793 1168 1854; x_wconf 88' lang='lat' dir='ltr'><strong>personam,</strong></span> <span class='ocrx_word' id='word_1_149' title='bbox 1193 1784 1224 1835; x_wconf 93' lang='lat' dir='ltr'><strong>ut</strong></span> <span class='ocrx_word' id='word_1_150' title='bbox 1245 1776 1377 1837; x_wconf 87' lang='lat' dir='ltr'><strong>amavisti</strong></span> <span class='ocrx_word' id='word_1_151' title='bbox 1400 1776 1528 1837; x_wconf 88' lang='lat' dir='ltr'><strong>docuisti</strong></span> <span class='ocrx_word' id='word_1_152' title='bbox 1543 1790 1567 1829; x_wconf 69' lang='grc' dir='ltr'><strong>ιι</strong></span> 
     </span>
     <span class='ocr_line' id='line_1_18' title="bbox 232 1875 1528 1957; baseline -0.001 -19"><span class='ocrx_word' id='word_1_153' title='bbox 232 1878 329 1955; x_wconf 81' lang='lat' dir='ltr'><strong>legisti</strong></span> <span class='ocrx_word' id='word_1_154' title='bbox 352 1876 504 1951; x_wconf 83' lang='lat' dir='ltr'><strong>audivisti3</strong></span> <span class='ocrx_word' id='word_1_155' title='bbox 530 1885 541 1936; x_wconf 93' lang='lat' dir='ltr'><strong>t</strong></span> <span class='ocrx_word' id='word_1_156' title='bbox 565 1895 633 1935; x_wconf 91' lang='lat' dir='ltr'><strong>vero</strong></span> <span class='ocrx_word' id='word_1_157' title='bbox 656 1875 826 1955; x_wconf 86' lang='lat' dir='ltr'><strong>adsumpta,</strong></span> <span class='ocrx_word' id='word_1_158' title='bbox 848 1876 900 1937; x_wconf 92' lang='lat' dir='ltr'><strong>sed</strong></span> <span class='ocrx_word' id='word_1_159' title='bbox 925 1884 1059 1953; x_wconf 87' lang='lat' dir='ltr'><strong>correpta</strong></span> <span class='ocrx_word' id='word_1_160' title='bbox 1082 1875 1106 1947; x_wconf 93' lang='lat' dir='ltr'><strong>i,</strong></span> <span class='ocrx_word' id='word_1_161' title='bbox 1132 1877 1246 1937; x_wconf 86' lang='lat' dir='ltr'><strong>tertiam</strong></span> <span class='ocrx_word' id='word_1_162' title='bbox 1269 1876 1337 1937; x_wconf 91' lang='lat' dir='ltr'><strong>lacit</strong></span> <span class='ocrx_word' id='word_1_163' title='bbox 1359 1896 1528 1957; x_wconf 84' lang='lat' dir='ltr'><strong>personam,</strong></span> 
     </span>
     <span class='ocr_line' id='line_1_19' title="bbox 183 1977 1528 2059; baseline 0 -21"><span class='ocrx_word' id='word_1_164' title='bbox 183 1989 217 2039; x_wconf 83' lang='grc'><strong>48</strong></span> <span class='ocrx_word' id='word_1_165' title='bbox 234 1989 267 2041; x_wconf 96' lang='lat' dir='ltr'><strong>ut</strong></span> <span class='ocrx_word' id='word_1_166' title='bbox 286 1979 394 2040; x_wconf 88' lang='lat' dir='ltr'><strong>amavit</strong></span> <span class='ocrx_word' id='word_1_167' title='bbox 414 1978 523 2039; x_wconf 86' lang='lat' dir='ltr'><strong>docuit.</strong></span> <span class='ocrx_word' id='word_1_168' title='bbox 551 1977 686 2038; x_wconf 88' lang='lat' dir='ltr'><strong>similiter</strong></span> <span class='ocrx_word' id='word_1_169' title='bbox 707 1995 761 2055; x_wconf 92' lang='lat' dir='ltr'><strong>per</strong></span> <span class='ocrx_word' id='word_1_170' title='bbox 776 1985 941 2056; x_wconf 87' lang='lat' dir='ltr'><strong>correptam</strong></span> <span class='ocrx_word' id='word_1_171' title='bbox 964 1977 973 2037; x_wconf 93' lang='lat' dir='ltr'><strong>i</strong></span> <span class='ocrx_word' id='word_1_172' title='bbox 994 1986 1023 2037; x_wconf 90' lang='lat' dir='ltr'><strong>et</strong></span> <span class='ocrx_word' id='word_1_173' title='bbox 1045 1977 1199 2057; x_wconf 90' lang='lat' dir='ltr'><strong>adsumpta</strong></span> <span class='ocrx_word' id='word_1_174' title='bbox 1221 1997 1287 2038; x_wconf 92' lang='lat' dir='ltr'><strong>mus</strong></span> <span class='ocrx_word' id='word_1_175' title='bbox 1311 1979 1379 2039; x_wconf 85' lang='lat' dir='ltr'><strong>lacit</strong></span> <span class='ocrx_word' id='word_1_176' title='bbox 1402 1979 1528 2059; x_wconf 87' lang='lat' dir='ltr'><strong>primam</strong></span> 
     </span>
     <span class='ocr_line' id='line_1_20' title="bbox 233 2076 1528 2161; baseline -0.002 -20"><span class='ocrx_word' id='word_1_177' title='bbox 233 2080 390 2161; x_wconf 82' lang='lat' dir='ltr'><strong>pluralem,</strong></span> <span class='ocrx_word' id='word_1_178' title='bbox 414 2088 447 2141; x_wconf 91' lang='lat' dir='ltr'><strong>ut</strong></span> <span class='ocrx_word' id='word_1_179' title='bbox 467 2080 627 2139; x_wconf 89' lang='lat' dir='ltr'><strong>amavimus</strong></span> <span class='ocrx_word' id='word_1_180' title='bbox 643 2078 813 2153; x_wconf 90' lang='lat' dir='ltr'><strong>docuimus;</strong></span> <span class='ocrx_word' id='word_1_181' title='bbox 835 2080 889 2138; x_wconf 88' lang='lat' dir='ltr'><strong>stis</strong></span> <span class='ocrx_word' id='word_1_182' title='bbox 906 2098 973 2139; x_wconf 90' lang='lat' dir='ltr'><strong>vero</strong></span> <span class='ocrx_word' id='word_1_183' title='bbox 989 2076 1086 2139; x_wconf 91' lang='lat' dir='ltr'><strong>addita</strong></span> <span class='ocrx_word' id='word_1_184' title='bbox 1106 2080 1264 2141; x_wconf 89' lang='lat' dir='ltr'><strong>secundam</strong></span> <span class='ocrx_word' id='word_1_185' title='bbox 1287 2080 1356 2139; x_wconf 88' lang='lat' dir='ltr'><strong>lacit</strong></span> <span class='ocrx_word' id='word_1_186' title='bbox 1373 2080 1528 2159; x_wconf 88' lang='lat' dir='ltr'><strong>pluralem,</strong></span> 
     </span>
     <span class='ocr_line' id='line_1_21' title="bbox 232 2180 1530 2261; baseline -0.001 -19"><span class='ocrx_word' id='word_1_187' title='bbox 232 2191 266 2242; x_wconf 92' lang='lat' dir='ltr'><strong>ut</strong></span> <span class='ocrx_word' id='word_1_188' title='bbox 293 2180 441 2244; x_wconf 84' lang='lat' dir='ltr'><strong>amavistis</strong></span> <span class='ocrx_word' id='word_1_189' title='bbox 467 2180 622 2255; x_wconf 90' lang='lat' dir='ltr'><strong>docuistis;</strong></span> <span class='ocrx_word' id='word_1_190' title='bbox 650 2180 681 2240; x_wconf 97' lang='lat' dir='ltr'><strong>in</strong></span> <span class='ocrx_word' id='word_1_191' title='bbox 708 2181 792 2241; x_wconf 91' lang='lat' dir='ltr'><strong>tertia</strong></span> <span class='ocrx_word' id='word_1_192' title='bbox 820 2199 888 2241; x_wconf 91' lang='lat' dir='ltr'><strong>vero</strong></span> <span class='ocrx_word' id='word_1_193' title='bbox 917 2180 1020 2259; x_wconf 91' lang='lat' dir='ltr'><strong>plurali</strong></span> <span class='ocrx_word' id='word_1_194' title='bbox 1050 2189 1142 2240; x_wconf 92' lang='lat' dir='ltr'><strong>mutat</strong></span> <span class='ocrx_word' id='word_1_195' title='bbox 1168 2180 1177 2241; x_wconf 93' lang='lat' dir='ltr'><strong>i</strong></span> <span class='ocrx_word' id='word_1_196' title='bbox 1206 2180 1236 2241; x_wconf 93' lang='lat' dir='ltr'><strong>in</strong></span> <span class='ocrx_word' id='word_1_197' title='bbox 1258 2200 1274 2241; x_wconf 93' lang='lat' dir='ltr'><strong>e</strong></span> <span class='ocrx_word' id='word_1_198' title='bbox 1295 2182 1468 2261; x_wconf 92' lang='lat' dir='ltr'><strong>productam</strong></span> <span class='ocrx_word' id='word_1_199' title='bbox 1500 2191 1530 2241; x_wconf 91' lang='lat' dir='ltr'><strong>et</strong></span> 
     </span>
     <span class='ocr_line' id='line_1_22' title="bbox 232 2281 1559 2355; baseline -0.001 -12"><span class='ocrx_word' id='word_1_200' title='bbox 232 2282 361 2345; x_wconf 89' lang='lat' dir='ltr'><strong>adsumit</strong></span> <span class='ocrx_word' id='word_1_201' title='bbox 380 2290 451 2342; x_wconf 87' lang='lat' dir='ltr'><strong>runt</strong></span> <span class='ocrx_word' id='word_1_202' title='bbox 471 2281 515 2341; x_wconf 92' lang='lat' dir='ltr'><strong>vel</strong></span> <span class='ocrx_word' id='word_1_203' title='bbox 536 2301 586 2355; x_wconf 89' lang='lat' dir='ltr'><strong>re,</strong></span> <span class='ocrx_word' id='word_1_204' title='bbox 607 2290 640 2343; x_wconf 91' lang='lat' dir='ltr'><strong>ut</strong></span> <span class='ocrx_word' id='word_1_205' title='bbox 661 2289 830 2342; x_wconf 87' lang='lat' dir='ltr'><strong>amaverunt</strong></span> <span class='ocrx_word' id='word_1_206' title='bbox 849 2282 892 2342; x_wconf 85' lang='lat' dir='ltr'><strong>vel</strong></span> <span class='ocrx_word' id='word_1_207' title='bbox 912 2300 1053 2343; x_wconf 90' lang='lat' dir='ltr'><strong>amavere.</strong></span> <span class='ocrx_word' id='word_1_208' title='bbox 1532 2294 1559 2333; x_wconf 84' lang='lat'><strong>²⁰</strong></span> 
     </span>
     <span class='ocr_line' id='line_1_23' title="bbox 317 2383 1530 2465; baseline 0.001 -21"><span class='ocrx_word' id='word_1_209' title='bbox 317 2384 641 2463; x_wconf 87' lang='lat' dir='ltr'><strong>Plusquamperlectum</strong></span> <span class='ocrx_word' id='word_1_210' title='bbox 674 2383 705 2443; x_wconf 91' lang='lat' dir='ltr'><strong>in</strong></span> <span class='ocrx_word' id='word_1_211' title='bbox 736 2383 813 2443; x_wconf 90' lang='lat' dir='ltr'><strong>omni</strong></span> <span class='ocrx_word' id='word_1_212' title='bbox 844 2385 1048 2462; x_wconf 88' lang='lat' dir='ltr'><strong>coniugatione</strong></span> <span class='ocrx_word' id='word_1_213' title='bbox 1076 2403 1091 2444; x_wconf 91' lang='lat' dir='ltr'><strong>a</strong></span> <span class='ocrx_word' id='word_1_214' title='bbox 1120 2385 1278 2464; x_wconf 87' lang='lat' dir='ltr'><strong>praeterito</strong></span> <span class='ocrx_word' id='word_1_215' title='bbox 1307 2387 1438 2465; x_wconf 87' lang='lat' dir='ltr'><strong>perlecto</strong></span> <span class='ocrx_word' id='word_1_216' title='bbox 1461 2386 1493 2445; x_wconf 86' lang='lat' dir='ltr'><strong>lit</strong></span> <span class='ocrx_word' id='word_1_217' title='bbox 1522 2387 1530 2445; x_wconf 95' lang='lat' dir='ltr'><strong>i</strong></span> 
     </span>
     <span class='ocr_line' id='line_1_24' title="bbox 232 2484 1529 2565; baseline 0 -18"><span class='ocrx_word' id='word_1_218' title='bbox 232 2485 311 2547; x_wconf 87' lang='lat' dir='ltr'><strong>linali</strong></span> <span class='ocrx_word' id='word_1_219' title='bbox 332 2487 362 2547; x_wconf 92' lang='lat' dir='ltr'><strong>in</strong></span> <span class='ocrx_word' id='word_1_220' title='bbox 386 2506 402 2546; x_wconf 93' lang='lat' dir='ltr'><strong>e</strong></span> <span class='ocrx_word' id='word_1_221' title='bbox 424 2485 541 2545; x_wconf 86' lang='lat' dir='ltr'><strong>brevem</strong></span> <span class='ocrx_word' id='word_1_222' title='bbox 562 2503 701 2545; x_wconf 88' lang='lat' dir='ltr'><strong>conversa</strong></span> <span class='ocrx_word' id='word_1_223' title='bbox 726 2492 756 2543; x_wconf 88' lang='lat' dir='ltr'><strong>ct</strong></span> <span class='ocrx_word' id='word_1_224' title='bbox 776 2484 931 2565; x_wconf 88' lang='lat' dir='ltr'><strong>adsumpta</strong></span> <span class='ocrx_word' id='word_1_225' title='bbox 952 2504 1031 2559; x_wconf 90' lang='lat' dir='ltr'><strong>ram,</strong></span> <span class='ocrx_word' id='word_1_226' title='bbox 1057 2494 1089 2547; x_wconf 92' lang='lat' dir='ltr'><strong>ut</strong></span> <span class='ocrx_word' id='word_1_227' title='bbox 1111 2486 1203 2547; x_wconf 89' lang='lat' dir='ltr'><strong>amavi</strong></span> <span class='ocrx_word' id='word_1_228' title='bbox 1228 2504 1407 2560; x_wconf 87' lang='lat' dir='ltr'><strong>amaveram,</strong></span> <span class='ocrx_word' id='word_1_229' title='bbox 1434 2486 1529 2547; x_wconf 91' lang='lat' dir='ltr'><strong>audivi</strong></span> 
     </span>
     <span class='ocr_line' id='line_1_25' title="bbox 233 2577 803 2648; baseline 0 -1"><span class='ocrx_word' id='word_1_230' title='bbox 233 2587 278 2647; x_wconf 86' lang='lat' dir='ltr'><strong>vel</strong></span> <span class='ocrx_word' id='word_1_231' title='bbox 299 2586 376 2648; x_wconf 93' lang='lat' dir='ltr'><strong>audii</strong></span> <span class='ocrx_word' id='word_1_232' title='bbox 397 2587 563 2648; x_wconf 88' lang='lat' dir='ltr'><strong>audiveram</strong></span> <span class='ocrx_word' id='word_1_233' title='bbox 584 2577 628 2646; x_wconf 90' lang='lat' dir='ltr'><strong>vel</strong></span> <span class='ocrx_word' id='word_1_234' title='bbox 646 2586 803 2647; x_wconf 88' lang='lat' dir='ltr'><strong>audieram.</strong></span> 
     </span>
     <span class='ocr_line' id='line_1_26' title="bbox 182 2689 1530 2778; baseline 0 -26"><span class='ocrx_word' id='word_1_235' title='bbox 182 2700 218 2753; x_wconf 81' lang='lat' dir='ltr'><strong>ro</strong></span> <span class='ocrx_word' id='word_1_236' title='bbox 318 2690 461 2778; x_wconf 80' lang='lat' dir='ltr'><strong>Futurum</strong></span> <span class='ocrx_word' id='word_1_237' title='bbox 481 2689 597 2768; x_wconf 89' lang='lat' dir='ltr'><strong>quidem</strong></span> <span class='ocrx_word' id='word_1_238' title='bbox 620 2689 732 2769; x_wconf 84' lang='lat' dir='ltr'><strong>primae</strong></span> <span class='ocrx_word' id='word_1_239' title='bbox 754 2697 783 2748; x_wconf 89' lang='lat' dir='ltr'><strong>et</strong></span> <span class='ocrx_word' id='word_1_240' title='bbox 803 2689 952 2751; x_wconf 86' lang='lat' dir='ltr'><strong>secundae</strong></span> <span class='ocrx_word' id='word_1_241' title='bbox 977 2689 1190 2768; x_wconf 89' lang='lat' dir='ltr'><strong>coniugationis</strong></span> <span class='ocrx_word' id='word_1_242' title='bbox 1213 2709 1229 2750; x_wconf 90' lang='lat' dir='ltr'><strong>a</strong></span> <span class='ocrx_word' id='word_1_243' title='bbox 1251 2691 1379 2752; x_wconf 89' lang='lat' dir='ltr'><strong>secunda</strong></span> <span class='ocrx_word' id='word_1_244' title='bbox 1402 2709 1530 2770; x_wconf 85' lang='lat' dir='ltr'><strong>persona</strong></span> 
     </span>
     <span class='ocr_line' id='line_1_27' title="bbox 233 2789 1564 2861; baseline -0.001 -8"><span class='ocrx_word' id='word_1_245' title='bbox 233 2792 346 2854; x_wconf 89' lang='lat' dir='ltr'><strong>abiecta</strong></span> <span class='ocrx_word' id='word_1_246' title='bbox 369 2812 384 2852; x_wconf 85' lang='lat' dir='ltr'><strong>s</strong></span> <span class='ocrx_word' id='word_1_247' title='bbox 406 2799 436 2853; x_wconf 91' lang='lat' dir='ltr'><strong>et</strong></span> <span class='ocrx_word' id='word_1_248' title='bbox 456 2792 553 2853; x_wconf 88' lang='lat' dir='ltr'><strong>addita</strong></span> <span class='ocrx_word' id='word_1_249' title='bbox 575 2790 613 2851; x_wconf 93' lang='lat' dir='ltr'><strong>bo</strong></span> <span class='ocrx_word' id='word_1_250' title='bbox 636 2789 712 2851; x_wconf 88' lang='lat' dir='ltr'><strong>solet</strong></span> <span class='ocrx_word' id='word_1_251' title='bbox 731 2792 809 2861; x_wconf 84' lang='lat' dir='ltr'><strong>lieri,</strong></span> <span class='ocrx_word' id='word_1_252' title='bbox 833 2803 864 2850; x_wconf 94' lang='lat' dir='ltr'><strong>ut</strong></span> <span class='ocrx_word' id='word_1_253' title='bbox 889 2810 954 2852; x_wconf 92' lang='lat' dir='ltr'><strong>amn</strong></span> <span class='ocrx_word' id='word_1_254' title='bbox 974 2810 1054 2852; x_wconf 89' lang='lat' dir='ltr'><strong>amas</strong></span> <span class='ocrx_word' id='word_1_255' title='bbox 1077 2791 1190 2852; x_wconf 90' lang='lat' dir='ltr'><strong>amabo.</strong></span> <span class='ocrx_word' id='word_1_256' title='bbox 1235 2792 1312 2853; x_wconf 89' lang='lat' dir='ltr'><strong>idem</strong></span> <span class='ocrx_word' id='word_1_257' title='bbox 1330 2795 1364 2853; x_wconf 90' lang='lat' dir='ltr'><strong>lit</strong></span> <span class='ocrx_word' id='word_1_258' title='bbox 1381 2793 1410 2853; x_wconf 92' lang='lat' dir='ltr'><strong>in</strong></span> <span class='ocrx_word' id='word_1_259' title='bbox 1432 2791 1527 2854; x_wconf 88' lang='lat' dir='ltr'><strong>verbis</strong></span> <span class='ocrx_word' id='word_1_260' title='bbox 1538 2803 1564 2842; x_wconf 84' lang='lat'><strong>²⁵</strong></span> 
     </span>
     <span class='ocr_line' id='line_1_28' title="bbox 233 2891 1528 2974; baseline -0.001 -19"><span class='ocrx_word' id='word_1_261' title='bbox 233 2903 354 2974; x_wconf 86' lang='lat' dir='ltr'><strong>quartae</strong></span> <span class='ocrx_word' id='word_1_262' title='bbox 384 2892 597 2973; x_wconf 89' lang='lat' dir='ltr'><strong>coniugationis</strong></span> <span class='ocrx_word' id='word_1_263' title='bbox 620 2892 649 2952; x_wconf 92' lang='lat' dir='ltr'><strong>in</strong></span> <span class='ocrx_word' id='word_1_264' title='bbox 672 2910 708 2952; x_wconf 89' lang='lat' dir='ltr'><strong>eo</strong></span> <span class='ocrx_word' id='word_1_265' title='bbox 731 2892 949 2964; x_wconf 81' lang='lat' dir='ltr'><strong>desinentibus,</strong></span> <span class='ocrx_word' id='word_1_266' title='bbox 980 2903 1011 2954; x_wconf 92' lang='lat' dir='ltr'><strong>nt</strong></span> <span class='ocrx_word' id='word_1_267' title='bbox 1034 2913 1068 2952; x_wconf 87' lang='lat' dir='ltr'><strong>en</strong></span> <span class='ocrx_word' id='word_1_268' title='bbox 1091 2893 1117 2953; x_wconf 90' lang='lat' dir='ltr'><strong>is</strong></span> <span class='ocrx_word' id='word_1_269' title='bbox 1139 2891 1197 2954; x_wconf 90' lang='lat' dir='ltr'><strong>ibo.</strong></span> <span class='ocrx_word' id='word_1_270' title='bbox 1243 2895 1345 2954; x_wconf 90' lang='lat' dir='ltr'><strong>tertiae</strong></span> <span class='ocrx_word' id='word_1_271' title='bbox 1369 2915 1436 2955; x_wconf 91' lang='lat' dir='ltr'><strong>vern</strong></span> <span class='ocrx_word' id='word_1_272' title='bbox 1458 2913 1528 2954; x_wconf 93' lang='lat' dir='ltr'><strong>con·</strong></span> 
     </span>
     <span class='ocr_line' id='line_1_29' title="bbox 233 2993 1528 3074; baseline 0 -18"><span class='ocrx_word' id='word_1_273' title='bbox 233 2995 390 3074; x_wconf 87' lang='lat' dir='ltr'><strong>iugationis</strong></span> <span class='ocrx_word' id='word_1_274' title='bbox 418 2995 548 3056; x_wconf 90' lang='lat' dir='ltr'><strong>omnium</strong></span> <span class='ocrx_word' id='word_1_275' title='bbox 579 2994 732 3055; x_wconf 90' lang='lat' dir='ltr'><strong>verborum</strong></span> <span class='ocrx_word' id='word_1_276' title='bbox 761 2995 890 3054; x_wconf 91' lang='lat' dir='ltr'><strong>luturum</strong></span> <span class='ocrx_word' id='word_1_277' title='bbox 921 3002 950 3053; x_wconf 91' lang='lat' dir='ltr'><strong>et</strong></span> <span class='ocrx_word' id='word_1_278' title='bbox 977 3002 1096 3071; x_wconf 83' lang='lat' dir='ltr'><strong>quartae</strong></span> <span class='ocrx_word' id='word_1_279' title='bbox 1127 2994 1156 3055; x_wconf 94' lang='lat' dir='ltr'><strong>in</strong></span> <span class='ocrx_word' id='word_1_280' title='bbox 1186 2993 1213 3053; x_wconf 93' lang='lat' dir='ltr'><strong>io</strong></span> <span class='ocrx_word' id='word_1_281' title='bbox 1243 2993 1436 3056; x_wconf 89' lang='lat' dir='ltr'><strong>desinentium</strong></span> <span class='ocrx_word' id='word_1_282' title='bbox 1460 2998 1528 3056; x_wconf 85' lang='lat' dir='ltr'><strong>fita</strong></span> 
     </span>
     <span class='ocr_line' id='line_1_30' title="bbox 234 3095 1527 3178; baseline 0 -21"><span class='ocrx_word' id='word_1_283' title='bbox 234 3097 328 3178; x_wconf 90' lang='lat' dir='ltr'><strong>prima</strong></span> <span class='ocrx_word' id='word_1_284' title='bbox 357 3113 485 3175; x_wconf 88' lang='lat' dir='ltr'><strong>persona</strong></span> <span class='ocrx_word' id='word_1_285' title='bbox 511 3095 676 3175; x_wconf 88' lang='lat' dir='ltr'><strong>praesentis</strong></span> <span class='ocrx_word' id='word_1_286' title='bbox 705 3116 723 3156; x_wconf 96' lang='lat' dir='ltr'><strong>o</strong></span> <span class='ocrx_word' id='word_1_287' title='bbox 753 3095 831 3156; x_wconf 90' lang='lat' dir='ltr'><strong>ilnali</strong></span> <span class='ocrx_word' id='word_1_288' title='bbox 861 3114 1001 3157; x_wconf 85' lang='lat' dir='ltr'><strong>conversa</strong></span> <span class='ocrx_word' id='word_1_289' title='bbox 1024 3095 1054 3155; x_wconf 94' lang='lat' dir='ltr'><strong>in</strong></span> <span class='ocrx_word' id='word_1_290' title='bbox 1077 3114 1139 3170; x_wconf 93' lang='lat' dir='ltr'><strong>am,</strong></span> <span class='ocrx_word' id='word_1_291' title='bbox 1170 3105 1201 3158; x_wconf 95' lang='lat' dir='ltr'><strong>ut</strong></span> <span class='ocrx_word' id='word_1_292' title='bbox 1223 3096 1288 3174; x_wconf 88' lang='lat' dir='ltr'><strong>lego</strong></span> <span class='ocrx_word' id='word_1_293' title='bbox 1318 3097 1411 3175; x_wconf 92' lang='lat' dir='ltr'><strong>legam</strong></span> <span class='ocrx_word' id='word_1_294' title='bbox 1438 3097 1527 3176; x_wconf 84' lang='lat' dir='ltr'><strong>leges,</strong></span> 
     </span>
     <span class='ocr_line' id='line_1_31' title="bbox 235 3195 1529 3276; baseline 0 -18"><span class='ocrx_word' id='word_1_295' title='bbox 235 3198 321 3259; x_wconf 92' lang='lat' dir='ltr'><strong>audio</strong></span> <span class='ocrx_word' id='word_1_296' title='bbox 343 3198 457 3258; x_wconf 91' lang='lat' dir='ltr'><strong>audiam</strong></span> <span class='ocrx_word' id='word_1_297' title='bbox 481 3198 592 3259; x_wconf 90' lang='lat' dir='ltr'><strong>audies.</strong></span> <span class='ocrx_word' id='word_1_298' title='bbox 637 3205 667 3257; x_wconf 87' lang='lat' dir='ltr'><strong>ct</strong></span> <span class='ocrx_word' id='word_1_299' title='bbox 689 3196 849 3258; x_wconf 93' lang='lat' dir='ltr'><strong>notandum</strong></span> <span class='ocrx_word' id='word_1_300' title='bbox 873 3205 933 3270; x_wconf 90' lang='lat' dir='ltr'><strong>est,</strong></span> <span class='ocrx_word' id='word_1_301' title='bbox 959 3197 1036 3276; x_wconf 93' lang='lat' dir='ltr'><strong>qnod</strong></span> <span class='ocrx_word' id='word_1_302' title='bbox 1059 3198 1088 3258; x_wconf 92' lang='lat' dir='ltr'><strong>in</strong></span> <span class='ocrx_word' id='word_1_303' title='bbox 1111 3195 1190 3258; x_wconf 93' lang='lat' dir='ltr'><strong>nullo</strong></span> <span class='ocrx_word' id='word_1_304' title='bbox 1209 3197 1265 3257; x_wconf 91' lang='lat' dir='ltr'><strong>alio</strong></span> <span class='ocrx_word' id='word_1_305' title='bbox 1288 3199 1375 3259; x_wconf 90' lang='lat' dir='ltr'><strong>modo</strong></span> <span class='ocrx_word' id='word_1_306' title='bbox 1397 3199 1529 3258; x_wconf 89' lang='lat' dir='ltr'><strong>invenies</strong></span> 
     </span>
     <span class='ocr_line' id='line_1_32' title="bbox 234 3296 1562 3381; baseline -0.005 -21"><span class='ocrx_word' id='word_1_307' title='bbox 234 3301 264 3360; x_wconf 92' lang='lat' dir='ltr'><strong>in</strong></span> <span class='ocrx_word' id='word_1_308' title='bbox 287 3299 381 3379; x_wconf 91' lang='lat' dir='ltr'><strong>prima</strong></span> <span class='ocrx_word' id='word_1_309' title='bbox 405 3319 531 3379; x_wconf 89' lang='lat' dir='ltr'><strong>persona</strong></span> <span class='ocrx_word' id='word_1_310' title='bbox 554 3308 621 3360; x_wconf 90' lang='lat' dir='ltr'><strong>ante</strong></span> <span class='ocrx_word' id='word_1_311' title='bbox 642 3317 671 3358; x_wconf 93' lang='lat' dir='ltr'><strong>m</strong></span> <span class='ocrx_word' id='word_1_312' title='bbox 694 3298 819 3359; x_wconf 86' lang='lat' dir='ltr'><strong>litteram</strong></span> <span class='ocrx_word' id='word_1_313' title='bbox 843 3296 992 3372; x_wconf 83' lang='lat' dir='ltr'><strong>vocalem,</strong></span> <span class='ocrx_word' id='word_1_314' title='bbox 1021 3316 1095 3377; x_wconf 91' lang='lat' dir='ltr'><strong>quae</strong></span> <span class='ocrx_word' id='word_1_315' title='bbox 1115 3298 1145 3359; x_wconf 92' lang='lat' dir='ltr'><strong>in</strong></span> <span class='ocrx_word' id='word_1_316' title='bbox 1164 3299 1250 3359; x_wconf 91' lang='lat' dir='ltr'><strong>aliam</strong></span> <span class='ocrx_word' id='word_1_317' title='bbox 1271 3296 1409 3381; x_wconf 73' lang='lat' dir='ltr'><strong>transleat</strong></span> <span class='ocrx_word' id='word_1_318' title='bbox 1428 3299 1457 3360; x_wconf 92' lang='lat' dir='ltr'><strong>in</strong></span> <span class='ocrx_word' id='word_1_319' title='bbox 1480 3313 1562 3360; x_wconf 83' lang='lat' dir='ltr'><strong>se-ao</strong></span> 
     </span>
     <span class='ocr_line' id='line_1_33' title="bbox 235 3400 817 3480; baseline -0.007 -17"><span class='ocrx_word' id='word_1_320' title='bbox 235 3401 347 3472; x_wconf 90' lang='lat' dir='ltr'><strong>cunda,</strong></span> <span class='ocrx_word' id='word_1_321' title='bbox 365 3401 423 3461; x_wconf 87' lang='lat' dir='ltr'><strong>nisi</strong></span> <span class='ocrx_word' id='word_1_322' title='bbox 444 3401 474 3464; x_wconf 92' lang='lat' dir='ltr'><strong>in</strong></span> <span class='ocrx_word' id='word_1_323' title='bbox 497 3419 586 3480; x_wconf 84' lang='lat' dir='ltr'><strong>supra</strong></span> <span class='ocrx_word' id='word_1_324' title='bbox 609 3400 687 3460; x_wconf 91' lang='lat' dir='ltr'><strong>dicto</strong></span> <span class='ocrx_word' id='word_1_325' title='bbox 711 3402 817 3460; x_wconf 91' lang='lat' dir='ltr'><strong>luturo.</strong></span> 
     </span>
     <span class='ocr_line' id='line_1_34' title="bbox 185 3501 1527 3582; baseline -0.004 -14"><span class='ocrx_word' id='word_1_326' title='bbox 185 3517 220 3568; x_wconf 78' lang='grc' dir='ltr'>ιιι)</span> <span class='ocrx_word' id='word_1_327' title='bbox 322 3503 426 3564; x_wconf 86' lang='lat' dir='ltr'><strong>Omnis</strong></span> <span class='ocrx_word' id='word_1_328' title='bbox 443 3502 573 3563; x_wconf 88' lang='lat' dir='ltr'><strong>secunda</strong></span> <span class='ocrx_word' id='word_1_329' title='bbox 595 3521 720 3581; x_wconf 87' lang='lat' dir='ltr'><strong>persona</strong></span> <span class='ocrx_word' id='word_1_330' title='bbox 738 3501 900 3581; x_wconf 88' lang='lat' dir='ltr'><strong>imperativi</strong></span> <span class='ocrx_word' id='word_1_331' title='bbox 922 3501 1000 3561; x_wconf 90' lang='lat' dir='ltr'><strong>ruodi</strong></span> <span class='ocrx_word' id='word_1_332' title='bbox 1018 3501 1181 3580; x_wconf 87' lang='lat' dir='ltr'><strong>praesentis</strong></span> <span class='ocrx_word' id='word_1_333' title='bbox 1199 3503 1339 3582; x_wconf 88' lang='lat' dir='ltr'><strong>temporis</strong></span> <span class='ocrx_word' id='word_1_334' title='bbox 1362 3521 1377 3560; x_wconf 93' lang='lat' dir='ltr'><strong>a</strong></span> <span class='ocrx_word' id='word_1_335' title='bbox 1400 3503 1527 3564; x_wconf 86' lang='lat' dir='ltr'><strong>secunda</strong></span> 
     </span>
     <span class='ocr_line' id='line_1_35' title="bbox 234 3601 1529 3685; baseline 0.001 -21"><span class='ocrx_word' id='word_1_336' title='bbox 234 3623 362 3685; x_wconf 88' lang='lat' dir='ltr'><strong>persona</strong></span> <span class='ocrx_word' id='word_1_337' title='bbox 390 3605 424 3666; x_wconf 88' lang='lat' dir='ltr'><strong>dt</strong></span> <span class='ocrx_word' id='word_1_338' title='bbox 451 3602 597 3664; x_wconf 89' lang='lat' dir='ltr'><strong>indicativi</strong></span> <span class='ocrx_word' id='word_1_339' title='bbox 623 3603 735 3663; x_wconf 92' lang='lat' dir='ltr'><strong>abiecta</strong></span> <span class='ocrx_word' id='word_1_340' title='bbox 763 3622 793 3677; x_wconf 90' lang='lat' dir='ltr'><strong>s;</strong></span> <span class='ocrx_word' id='word_1_341' title='bbox 822 3603 852 3663; x_wconf 93' lang='lat' dir='ltr'><strong>in</strong></span> <span class='ocrx_word' id='word_1_342' title='bbox 876 3601 960 3662; x_wconf 89' lang='lat' dir='ltr'><strong>tertia</strong></span> <span class='ocrx_word' id='word_1_343' title='bbox 989 3622 1058 3662; x_wconf 89' lang='lat' dir='ltr'><strong>vero</strong></span> <span class='ocrx_word' id='word_1_344' title='bbox 1085 3603 1290 3680; x_wconf 88' lang='lat' dir='ltr'><strong>coniugatione</strong></span> <span class='ocrx_word' id='word_1_345' title='bbox 1319 3605 1405 3665; x_wconf 89' lang='lat' dir='ltr'><strong>etiam</strong></span> <span class='ocrx_word' id='word_1_346' title='bbox 1429 3605 1438 3665; x_wconf 96' lang='lat' dir='ltr'><strong>i</strong></span> <span class='ocrx_word' id='word_1_347' title='bbox 1460 3605 1529 3665; x_wconf 92' lang='lat' dir='ltr'><strong>ine</strong></span> 
     </span>
     <span class='ocr_line' id='line_1_36' title="bbox 235 3705 1528 3785; baseline 0 -19"><span class='ocrx_word' id='word_1_348' title='bbox 235 3713 403 3785; x_wconf 91' lang='lat' dir='ltr'><strong>correptam</strong></span> <span class='ocrx_word' id='word_1_349' title='bbox 432 3705 626 3778; x_wconf 89' lang='lat' dir='ltr'><strong>convertitur,</strong></span> <span class='ocrx_word' id='word_1_350' title='bbox 652 3713 685 3764; x_wconf 83' lang='lat' dir='ltr'><strong>ot</strong></span> <span class='ocrx_word' id='word_1_351' title='bbox 708 3723 794 3765; x_wconf 81' lang='lat' dir='ltr'><strong>omas</strong></span> <span class='ocrx_word' id='word_1_352' title='bbox 816 3722 902 3777; x_wconf 85' lang='lat' dir='ltr'><strong>cmc,</strong></span> <span class='ocrx_word' id='word_1_353' title='bbox 923 3706 1010 3764; x_wconf 82' lang='lat' dir='ltr'><strong>doces</strong></span> <span class='ocrx_word' id='word_1_354' title='bbox 1030 3706 1117 3782; x_wconf 84' lang='lat' dir='ltr'><strong>doce,</strong></span> <span class='ocrx_word' id='word_1_355' title='bbox 1140 3708 1214 3779; x_wconf 73' lang='lat' dir='ltr'><strong>legis</strong></span> <span class='ocrx_word' id='word_1_356' title='bbox 1236 3711 1313 3780; x_wconf 71' lang='lat' dir='ltr'><strong>tege,</strong></span> <span class='ocrx_word' id='word_1_357' title='bbox 1336 3709 1425 3766; x_wconf 86' lang='lat' dir='ltr'><strong>audis</strong></span> <span class='ocrx_word' id='word_1_358' title='bbox 1447 3707 1528 3766; x_wconf 84' lang='lat' dir='ltr'><strong>audi.</strong></span> 
     </span>
     <span class='ocr_line' id='line_1_37' title="bbox 235 3805 1562 3886; baseline -0.005 -18"><span class='ocrx_word' id='word_1_359' title='bbox 235 3810 302 3868; x_wconf 85' lang='lat' dir='ltr'><strong>ideo</strong></span> <span class='ocrx_word' id='word_1_360' title='bbox 320 3815 420 3867; x_wconf 83' lang='lat' dir='ltr'><strong>cutem</strong></span> <span class='ocrx_word' id='word_1_361' title='bbox 438 3809 495 3866; x_wconf 79' lang='lat' dir='ltr'><strong>iia</strong></span> <span class='ocrx_word' id='word_1_362' title='bbox 516 3824 534 3865; x_wconf 90' lang='lat' dir='ltr'><strong>e</strong></span> <span class='ocrx_word' id='word_1_363' title='bbox 553 3811 695 3866; x_wconf 82' lang='lat' dir='ltr'><strong>cortvcrtit</strong></span> <span class='ocrx_word' id='word_1_364' title='bbox 708 3811 804 3880; x_wconf 79' lang='lat' dir='ltr'><strong>tertio,</strong></span> <span class='ocrx_word' id='word_1_365' title='bbox 823 3805 890 3884; x_wconf 90' lang='lat' dir='ltr'><strong>quia</strong></span> <span class='ocrx_word' id='word_1_366' title='bbox 910 3805 1020 3866; x_wconf 84' lang='lat' dir='ltr'><strong>debens</strong></span> <span class='ocrx_word' id='word_1_367' title='bbox 1039 3825 1155 3866; x_wconf 87' lang='lat' dir='ltr'><strong>servare</strong></span> <span class='ocrx_word' id='word_1_368' title='bbox 1173 3814 1305 3886; x_wconf 86' lang='lat' dir='ltr'><strong>tempus,</strong></span> <span class='ocrx_word' id='word_1_369' title='bbox 1328 3807 1406 3886; x_wconf 92' lang='lat' dir='ltr'><strong>quod</strong></span> <span class='ocrx_word' id='word_1_370' title='bbox 1429 3807 1562 3870; x_wconf 82' lang='lat' dir='ltr'><strong>babuitaa</strong></span> 
     </span>
     <span class='ocr_line' id='line_1_38' title="bbox 236 3906 1529 3987; baseline 0 -17"><span class='ocrx_word' id='word_1_371' title='bbox 236 3908 366 3970; x_wconf 88' lang='lat' dir='ltr'><strong>secunda</strong></span> <span class='ocrx_word' id='word_1_372' title='bbox 390 3907 536 3969; x_wconf 87' lang='lat' dir='ltr'><strong>indicativi</strong></span> <span class='ocrx_word' id='word_1_373' title='bbox 559 3927 700 3986; x_wconf 90' lang='lat' dir='ltr'><strong>persona,</strong></span> <span class='ocrx_word' id='word_1_374' title='bbox 730 3927 790 3968; x_wconf 93' lang='lat' dir='ltr'><strong>non</strong></span> <span class='ocrx_word' id='word_1_375' title='bbox 813 3915 928 3986; x_wconf 90' lang='lat' dir='ltr'><strong>poterat</strong></span> <span class='ocrx_word' id='word_1_376' title='bbox 947 3906 1063 3968; x_wconf 88' lang='lat' dir='ltr'><strong>finalem</strong></span> <span class='ocrx_word' id='word_1_377' title='bbox 1084 3906 1093 3966; x_wconf 93' lang='lat' dir='ltr'><strong>i</strong></span> <span class='ocrx_word' id='word_1_378' title='bbox 1115 3907 1279 3987; x_wconf 88' lang='lat' dir='ltr'><strong>corripere:</strong></span> <span class='ocrx_word' id='word_1_379' title='bbox 1302 3909 1431 3970; x_wconf 89' lang='lat' dir='ltr'><strong>inomni</strong></span> <span class='ocrx_word' id='word_1_380' title='bbox 1453 3910 1529 3970; x_wconf 87' lang='lat' dir='ltr'><strong>enim</strong></span> 
     </span>
     <span class='ocr_line' id='line_1_39' title="bbox 186 4007 1529 4089; baseline -0.002 -16"><span class='ocrx_word' id='word_1_381' title='bbox 186 4023 217 4074; x_wconf 78' lang='lat' dir='ltr'><strong>tt</strong></span> <span class='ocrx_word' id='word_1_382' title='bbox 237 4011 325 4072; x_wconf 91' lang='lat' dir='ltr'><strong>verbo</strong></span> <span class='ocrx_word' id='word_1_383' title='bbox 354 4011 363 4070; x_wconf 94' lang='lat' dir='ltr'><strong>i</strong></span> <span class='ocrx_word' id='word_1_384' title='bbox 391 4009 420 4070; x_wconf 92' lang='lat' dir='ltr'><strong>in</strong></span> <span class='ocrx_word' id='word_1_385' title='bbox 445 4010 504 4070; x_wconf 88' lang='lat' dir='ltr'><strong>fine</strong></span> <span class='ocrx_word' id='word_1_386' title='bbox 526 4009 623 4089; x_wconf 90' lang='lat' dir='ltr'><strong>posita</strong></span> <span class='ocrx_word' id='word_1_387' title='bbox 644 4009 825 4089; x_wconf 87' lang='lat' dir='ltr'><strong>producitur.</strong></span> <span class='ocrx_word' id='word_1_388' title='bbox 871 4009 955 4068; x_wconf 85' lang='lat' dir='ltr'><strong>tertia</strong></span> <span class='ocrx_word' id='word_1_389' title='bbox 980 4028 1046 4068; x_wconf 89' lang='lat' dir='ltr'><strong>vero</strong></span> <span class='ocrx_word' id='word_1_390' title='bbox 1068 4007 1198 4068; x_wconf 86' lang='lat' dir='ltr'><strong>eiusdem</strong></span> <span class='ocrx_word' id='word_1_391' title='bbox 1222 4010 1383 4089; x_wconf 85' lang='lat' dir='ltr'><strong>imperativi</strong></span> <span class='ocrx_word' id='word_1_392' title='bbox 1404 4029 1529 4089; x_wconf 88' lang='lat' dir='ltr'><strong>persona</strong></span> 
     </span>
     <span class='ocr_line' id='line_1_40' title="bbox 237 4109 1530 4192; baseline -0.001 -19"><span class='ocrx_word' id='word_1_393' title='bbox 237 4115 270 4173; x_wconf 86' lang='lat' dir='ltr'><strong>dt</strong></span> <span class='ocrx_word' id='word_1_394' title='bbox 289 4132 305 4174; x_wconf 92' lang='lat' dir='ltr'><strong>a</strong></span> <span class='ocrx_word' id='word_1_395' title='bbox 329 4111 422 4192; x_wconf 86' lang='lat' dir='ltr'><strong>prima</strong></span> <span class='ocrx_word' id='word_1_396' title='bbox 449 4110 596 4172; x_wconf 85' lang='lat' dir='ltr'><strong>indicativi</strong></span> <span class='ocrx_word' id='word_1_397' title='bbox 618 4131 636 4171; x_wconf 92' lang='lat' dir='ltr'><strong>o</strong></span> <span class='ocrx_word' id='word_1_398' title='bbox 657 4110 736 4171; x_wconf 91' lang='lat' dir='ltr'><strong>linali</strong></span> <span class='ocrx_word' id='word_1_399' title='bbox 762 4110 791 4170; x_wconf 93' lang='lat' dir='ltr'><strong>in</strong></span> <span class='ocrx_word' id='word_1_400' title='bbox 814 4109 908 4190; x_wconf 91' lang='lat' dir='ltr'><strong>prima</strong></span> <span class='ocrx_word' id='word_1_401' title='bbox 931 4110 1048 4188; x_wconf 89' lang='lat' dir='ltr'><strong>quidem</strong></span> <span class='ocrx_word' id='word_1_402' title='bbox 1071 4111 1275 4190; x_wconf 88' lang='lat' dir='ltr'><strong>coniugatione</strong></span> <span class='ocrx_word' id='word_1_403' title='bbox 1297 4113 1327 4173; x_wconf 94' lang='lat' dir='ltr'><strong>in</strong></span> <span class='ocrx_word' id='word_1_404' title='bbox 1351 4121 1394 4186; x_wconf 87' lang='lat' dir='ltr'><strong>et,</strong></span> <span class='ocrx_word' id='word_1_405' title='bbox 1415 4113 1445 4172; x_wconf 93' lang='lat' dir='ltr'><strong>in</strong></span> <span class='ocrx_word' id='word_1_406' title='bbox 1467 4111 1530 4172; x_wconf 88' lang='lat' dir='ltr'><strong>aliis</strong></span> 
     </span>
     <span class='ocr_line' id='line_1_41' title="bbox 237 4211 1528 4291; baseline 0 -17"><span class='ocrx_word' id='word_1_407' title='bbox 237 4215 355 4275; x_wconf 87' lang='lat' dir='ltr'><strong>veroin</strong></span> <span class='ocrx_word' id='word_1_408' title='bbox 376 4221 405 4275; x_wconf 87' lang='lat' dir='ltr'><strong>at</strong></span> <span class='ocrx_word' id='word_1_409' title='bbox 424 4232 582 4287; x_wconf 88' lang='lat' dir='ltr'><strong>comersa,</strong></span> <span class='ocrx_word' id='word_1_410' title='bbox 601 4222 634 4273; x_wconf 92' lang='lat' dir='ltr'><strong>ut</strong></span> <span class='ocrx_word' id='word_1_411' title='bbox 653 4232 719 4273; x_wconf 89' lang='lat' dir='ltr'><strong>amo</strong></span> <span class='ocrx_word' id='word_1_412' title='bbox 741 4222 833 4284; x_wconf 92' lang='lat' dir='ltr'><strong>amet,</strong></span> <span class='ocrx_word' id='word_1_413' title='bbox 857 4211 949 4272; x_wconf 88' lang='lat' dir='ltr'><strong>doceo</strong></span> <span class='ocrx_word' id='word_1_414' title='bbox 970 4211 1089 4284; x_wconf 88' lang='lat' dir='ltr'><strong>doceat,</strong></span> <span class='ocrx_word' id='word_1_415' title='bbox 1114 4211 1179 4290; x_wconf 89' lang='lat' dir='ltr'><strong>lego</strong></span> <span class='ocrx_word' id='word_1_416' title='bbox 1203 4213 1294 4291; x_wconf 87' lang='lat' dir='ltr'><strong>legat,</strong></span> <span class='ocrx_word' id='word_1_417' title='bbox 1313 4215 1400 4274; x_wconf 92' lang='lat' dir='ltr'><strong>audio</strong></span> <span class='ocrx_word' id='word_1_418' title='bbox 1423 4214 1528 4274; x_wconf 89' lang='lat' dir='ltr'><strong>audiat.</strong></span> 
     </span>
     <span class='ocr_line' id='line_1_42' title="bbox 237 4295 1562 4394; baseline -0.002 -18"><span class='ocrx_word' id='word_1_419' title='bbox 237 4316 310 4377; x_wconf 88' lang='lat' dir='ltr'><strong>lraec</strong></span> <span class='ocrx_word' id='word_1_420' title='bbox 338 4325 433 4376; x_wconf 92' lang='lat' dir='ltr'><strong>autem</strong></span> <span class='ocrx_word' id='word_1_421' title='bbox 464 4315 566 4376; x_wconf 88' lang='lat' dir='ltr'><strong>eadem</strong></span> <span class='ocrx_word' id='word_1_422' title='bbox 595 4313 679 4376; x_wconf 89' lang='lat' dir='ltr'><strong>tertia</strong></span> <span class='ocrx_word' id='word_1_423' title='bbox 709 4332 836 4394; x_wconf 88' lang='lat' dir='ltr'><strong>persona</strong></span> <span class='ocrx_word' id='word_1_424' title='bbox 858 4295 971 4373; x_wconf 84' lang='lat' dir='ltr'><strong>abiecta</strong></span> <span class='ocrx_word' id='word_1_425' title='bbox 994 4321 1019 4387; x_wconf 92' lang='lat' dir='ltr'><strong>t,</strong></span> <span class='ocrx_word' id='word_1_426' title='bbox 1042 4313 1093 4374; x_wconf 86' lang='lat' dir='ltr'><strong>sed</strong></span> <span class='ocrx_word' id='word_1_427' title='bbox 1117 4314 1258 4393; x_wconf 84' lang='lat' dir='ltr'><strong>producta</strong></span> <span class='ocrx_word' id='word_1_428' title='bbox 1282 4335 1297 4374; x_wconf 92' lang='lat' dir='ltr'><strong>e</strong></span> <span class='ocrx_word' id='word_1_429' title='bbox 1320 4315 1364 4376; x_wconf 91' lang='lat' dir='ltr'><strong>vel</strong></span> <span class='ocrx_word' id='word_1_430' title='bbox 1385 4334 1401 4374; x_wconf 94' lang='lat' dir='ltr'><strong>a</strong></span> <span class='ocrx_word' id='word_1_431' title='bbox 1430 4323 1458 4374; x_wconf 86' lang='lat' dir='ltr'><strong>ct</strong></span> <span class='ocrx_word' id='word_1_432' title='bbox 1480 4315 1562 4375; x_wconf 76' lang='grc' dir='ltr'><strong>ιιιι-ιι</strong></span> 
     </span>
    </p>
   </div>
   <div class='ocr_carea' id='block_1_4' title="bbox 237 4499 1530 4697">
    <p class='ocr_par' dir='ltr' id='par_1_4' title="bbox 237 4499 1530 4697">
     <span class='ocr_line' id='line_1_43' title="bbox 284 4499 1480 4566; baseline 0 -15"><span class='ocrx_word' id='word_1_433' title='bbox 284 4522 287 4527; x_wconf 54' lang='lat'>&gt;</span> <span class='ocrx_word' id='word_1_434' title='bbox 311 4503 340 4553; x_wconf 96' lang='lat' dir='ltr'><strong>ll</strong></span> <span class='ocrx_word' id='word_1_435' title='bbox 360 4502 403 4551; x_wconf 80' lang='lat' dir='ltr'><strong>llis</strong></span> <span class='ocrx_word' id='word_1_436' title='bbox 421 4502 454 4550; x_wconf 91' lang='lat' dir='ltr'><strong>de</strong></span> <span class='ocrx_word' id='word_1_437' title='bbox 473 4501 636 4566; x_wconf 79' lang='lat' dir='ltr'><strong>generalibus</strong></span> <span class='ocrx_word' id='word_1_438' title='bbox 656 4516 673 4556; x_wconf 86' lang='grc' dir='ltr'><strong>ς</strong></span> <span class='ocrx_word' id='word_1_439' title='bbox 725 4501 759 4550; x_wconf 77' lang='grc'><strong>24</strong></span> <span class='ocrx_word' id='word_1_440' title='bbox 777 4515 792 4548; x_wconf 88' lang='lat' dir='ltr'><strong>o</strong></span> <span class='ocrx_word' id='word_1_441' title='bbox 808 4499 921 4549; x_wconf 81' lang='lat' dir='ltr'><strong>secundo</strong></span> <span class='ocrx_word' id='word_1_442' title='bbox 939 4513 1049 4565; x_wconf 81' lang='lat' dir='ltr'><strong>persone</strong></span> <span class='ocrx_word' id='word_1_443' title='bbox 1069 4504 1209 4565; x_wconf 77' lang='lat' dir='ltr'><strong>praesentis</strong></span> <span class='ocrx_word' id='word_1_444' title='bbox 1227 4500 1359 4552; x_wconf 87' lang='lat' dir='ltr'><strong>iudicetiui</strong></span> <span class='ocrx_word' id='word_1_445' title='bbox 1378 4503 1446 4551; x_wconf 89' lang='lat' dir='ltr'><strong>modi</strong></span> <span class='ocrx_word' id='word_1_446' title='bbox 1463 4517 1480 4558; x_wconf 85' lang='grc' dir='ltr'><strong><em>ς</em></strong></span> 
     </span>
     <span class='ocr_line' id='line_1_44' title="bbox 237 4569 1530 4697; baseline 0 -76"><span class='ocrx_word' id='word_1_447' title='bbox 237 4573 405 4697; x_wconf 53' lang='lat' dir='ltr'><strong>{lcppueerp&#39;op</strong></span> <span class='ocrx_word' id='word_1_448' title='bbox 420 4595 457 4691; x_wconf 69' lang='lat' dir='ltr'><strong>O-</strong></span> <span class='ocrx_word' id='word_1_449' title='bbox 475 4571 600 4621; x_wconf 81' lang='lat' dir='ltr'><strong>convertit</strong></span> <span class='ocrx_word' id='word_1_450' title='bbox 617 4569 691 4620; x_wconf 86' lang='lat' dir='ltr'><strong>tertia</strong></span> <span class='ocrx_word' id='word_1_451' title='bbox 709 4584 755 4620; x_wconf 81' lang='lat' dir='ltr'><strong>oar.</strong></span> <span class='ocrx_word' id='word_1_452' title='bbox 772 4569 799 4632; x_wconf 82' lang='lat' dir='ltr'><strong>G,</strong></span> <span class='ocrx_word' id='word_1_453' title='bbox 816 4569 877 4619; x_wconf 83' lang='lat' dir='ltr'><strong>odd.</strong></span> <span class='ocrx_word' id='word_1_454' title='bbox 895 4583 911 4623; x_wconf 78' lang='grc' dir='ltr'><strong>ς</strong></span> <span class='ocrx_word' id='word_1_455' title='bbox 983 4569 1016 4620; x_wconf 78' lang='lat' dir='ltr'><strong>tu</strong></span> <span class='ocrx_word' id='word_1_456' title='bbox 1033 4577 1132 4627; x_wconf 82' lang='lat' dir='ltr'><strong>poterat</strong></span> <span class='ocrx_word' id='word_1_457' title='bbox 1150 4585 1167 4626; x_wconf 76' lang='grc' dir='ltr'><strong>ς</strong></span> <span class='ocrx_word' id='word_1_458' title='bbox 1185 4569 1255 4637; x_wconf 77' lang='lat' dir='ltr'><strong>petel</strong></span> <span class='ocrx_word' id='word_1_459' title='bbox 1279 4572 1299 4622; x_wconf 82' lang='grc'><em>0</em></span> <span class='ocrx_word' id='word_1_460' title='bbox 1358 4571 1393 4624; x_wconf 82' lang='grc'><strong>39</strong></span> <span class='ocrx_word' id='word_1_461' title='bbox 1408 4586 1530 4622; x_wconf 81' lang='lat' dir='ltr'><strong>conuersa</strong></span> 
     </span>
    </p>
   </div>
   <div class='ocr_carea' id='block_1_5' title="bbox 0 0 1704 5325">
    <p class='ocr_par' dir='ltr' id='par_1_5' title="bbox 0 0 1704 5325">
     <span class='ocr_line' id='line_1_45' title="bbox 0 0 1704 5325; baseline 0 0"><span class='ocrx_word' id='word_1_462' title='bbox 0 0 1704 5325; x_wconf 95' lang='lat' dir='ltr'><strong> </strong></span> 
     </span>
    </p>
   </div>
  </div>
 </body>
</html>
