3400 5325
232 218 295 278 474
785 220 972 283 rutscttttt

298 332 442 376 ‚terame
1343 370 1348 381 .
1471 371 1477 383 .

181 416 216 467 eo
282 345 296 385 p
319 404 394 474 Qne
413 424 488 483 quae
510 425 578 486 pars
595 406 736 467 orationis
752 405 821 468 est?
843 407 1026 469 Coniunctio.
1060 408 1185 481 Qualis?
1207 342 1405 491 Copulativid}
1421 342 1532 498 ildllins

167 504 176 516 ⁸
232 505 365 567 ordinis?
395 507 590 591 Postwsitivi.

317 609 386 668 Ora
409 626 484 706 quae
505 626 573 687 pars
596 609 737 670 orationis
766 608 832 670 est?
873 610 986 671 Nomen
1016 613 1222 692 appellativum
1250 624 1386 677 nentrum
1414 618 1529 697 plurale

232 709 369 788 simplex,
393 729 480 771 casus
500 710 529 769 in
549 710 606 770 boc
628 709 692 770 loeo
714 710 879 771 accusativi.
925 712 1002 773 idem
1032 721 1129 774 tamen
1154 723 1198 775 est
1221 734 1339 795 semper
1362 719 1390 778 in
1414 721 1528 781 neutris

231 809 399 871 nominibus
428 819 456 871 et
477 812 671 873 nominativus
692 820 721 871 et
741 814 926 875 aecusativus
949 820 986 873 et'
1000 816 1156 876 vocativus.
1203 815 1255 877 [lie
1278 818 1437 896 singulare.
1483 822 1549 882 ess

232 910 300 973 oris.
347 930 414 974 nam
442 912 467 973 si
490 922 624 992 correpte
650 933 684 973 os
703 913 798 986 dicas,
822 914 899 975 aliud
920 915 1080 993 signifieat,
1104 926 1132 977 et
1154 918 1232 979 ossis
1254 918 1328 980 dicis
1350 922 1526 998 genetivum.

180 1020 214 1073 uo
232 1014 290 1073 Fac
311 1013 523 1074 diminutivum.
559 1015 712 1087 oscillum,
735 1014 870 1076 osculum
891 1024 920 1075 et
944 1036 978 1077 ex
1000 1018 1057 1078 boc
1076 1019 1198 1080 osculor
1219 1021 1373 1083 oscularis.
1419 1024 1527 1084 ostirvm

231 1133 350 1193 <peronne
377 1116 442 1176 inde
465 1116 626 1187 derivatur,
661 1135 695 1177 ex
718 1135 776 1195 qtro
799 1117 935 1178 ostiarius
958 1126 986 1177 et
1008 1119 1145 1180 ostiatim.
1191 1140 1244 1181 oro
1264 1140 1382 1200 quoque
1407 1124 1528 1185 verbnm

223 1217 268 1301 ‘ab
289 1237 340 1278 ore
361 1226 407 1278 est
428 1226 457 1277 et
480 1217 640 1279 oraculum.

318 1319 513 1380 Tenebant
534 1338 610 1397 quae
630 1338 700 1399 pars
722 1319 864 1380 erationis
886 1319 952 1381 est?
976 1321 1098 1381 l'erbnm
1120 1324 1244 1383 activum
1266 1326 1428 1404 perlectum
1451 1326 1564 1387 indi-tt·

233 1421 325 1481 cativo
353 1421 441 1481 modo
467 1420 592 1493 dietum,
623 1421 763 1499 temporis
785 1421 934 1499 praeteriti
955 1422 1136 1501 imperfecti,
1168 1427 1279 1485 numeri
1301 1426 1438 1505 pluralis,
1461 1446 1527 1505 per·

232 1540 322 1583 sonae
338 1520 456 1594 tertiae,
480 1521 693 1599 coniugationis
708 1521 866 1582 secundae.
900 1522 1029 1583 lleclina.
1068 1524 1166 1584 Teneo
1189 1526 1323 1587 tenebam
1344 1534 1373 1586 et
1396 1528 1526 1611 cetera!

233 1624 326 1693 Quam
344 1623 429 1683 aliam
451 1624 573 1683 lormam
594 1623 665 1683 lacit
683 1624 740 1683 boc
757 1621 898 1683 verbnm?
920 1624 1187 1703 trequemattvam,
1205 1636 1285 1688 tento
1302 1636 1407 1689 tentas.
1432 1628 1528 1709 [eom-

231 1724 325 1803 posita
353 1725 462 1785 attineo
489 1723 601 1784 retineo
631 1722 766 1785 contineo
789 1724 922 1785 sustineo
945 1726 1076 1804 pertineo
1100 1728 1254 1789 continens
1279 1730 1457 1791 continentia
1480 1749 1528 1791 re·

231 1824 407 1900 libandum,
427 1826 582 1887 derivativa
605 1833 692 1888 tenax
716 1824 882 1908 tenacitas]
1539 1850 1562 1889 rs

847 2062 898 2113 lll.

419 2205 592 2254 Poervnet
613 2205 672 2247 RES
693 2205 789 2247 uetat:
810 2204 993 2253 PRlAttssQUE
1011 2204 1180 2246 EVERTERE
1200 2206 1340 2247 GENTEM.
1393 2266 1394 2271 1

181 2342 215 2396 er
317 2337 571 2398 Scandeversum.
609 2338 766 2415 Postquam
810 2338 922 2398 resdsi
943 2408 945 2413 Ι
966 2357 1000 2397 oe
1016 2338 1080 2398 Pria
1126 2340 1254 2417 miquee
1297 2348 1410 2401 vertere
1453 2360 1526 2420 gen·

232 2449 299 2500 tem.
346 2439 426 2509 Quas
447 2440 535 2500 babet
553 2438 713 2500 caesuras?
741 2439 977 2518 semiquinariam
999 2449 1024 2499 et
1049 2439 1327 2519 semiseptenariam.
1373 2444 1450 2512 Quot
1472 2444 1526 2504 ba·

230 2542 280 2602 bet
299 2534 431 2619 dguras‘l
464 2541 580 2602 Decem.
626 2542 713 2601 babet
741 2542 818 2600 enim
842 2548 902 2601 tres
923 2541 1053 2619 (lectulos
1076 2550 1105 2601 et
1127 2543 1201 2603 duos
1220 2542 1377 2621 spondeos.
1423 2542 1559 2605 Dividere

231 2643 362 2721 singulos
387 2644 489 2723 pedes.
534 2644 693 2722 Postquam
739 2663 787 2704 res
802 2643 851 2704 ,lsi
901 2663 935 2703 oe
951 2642 1014 2704 Pria
1066 2644 1195 2722 miquee
1238 2652 1351 2705 vertero
1395 2654 1523 2723 gentem.

231 2747 310 2817 Quot
332 2754 430 2825 partes
451 2747 592 2808 orationis
614 2746 701 2806 babet
721 2746 769 2805 bie
790 2743 914 2805 versus?
936 2745 1065 2824 Septem.
1105 2747 1183 2815 Quot
1205 2744 1345 2806 nomina?
1367 2747 1522 2816 Quattuor.

231 2845 335 2916 linaei
374 2847 431 2906 lles
455 2847 540 2908 Asiae
567 2847 674 2908 Priami
699 2856 825 2925 gentem.
872 2848 950 2918 Quot
978 2845 1088 2906 verba?
1124 2847 1234 2920 Vtrum,
1263 2855 1401 2907 evertere.
1447 2849 1524 2918 Quid

231 2947 328 3009 alind?
350 2948 535 3022 adverbium,
555 2959 720 3028 postquam,
737 2957 766 3008 et
786 2948 1114 3025 coniunctionumque.
1138 2949 1241 3008 'l'raeta
1261 2948 1393 3026 singulas
1412 2957 1521 3028 partes.

179 3064 214 3115 on
317 3050 514 3126 Postquam
545 3068 619 3128 quiae
650 3069 718 3129 pars
738 3045 886 3110 'orationis
917 3048 986 3119 est‘l
1019 3049 1203 3110 ildverbinm.
1249 3049 1324 3120 Quid
1356 3058 1401 3110 est
1422 3051 1559 3111 adver-as

229 3149 330 3211 binni?
350 3150 421 3211 Pars
442 3152 583 3212 orationis
601 3169 675 3228 quae
689 3152 801 3211 adiecta
824 3151 912 3213 verbo
935 3151 1176 3228 significationem
1199 3150 1262 3211 eius
1281 3151 1415 3230 explanat
1436 3160 1523 3230 atque
1544 3155 1563 3238 J

230 3253 341 3331 implet.
387 3252 465 3322 Qttot
492 3254 629 3313 accidunt
654 3251 812 3314 adverbio?
849 3252 1029 3330 Signibralio
1049 3261 1078 3312 el
1100 3254 1200 3331 sigero.
1246 3238 1428 3332 comparatio
1445 3254 1522 3313 enim

229 3374 289 3416 non
316 3354 452 3414 omnibus
477 3354 582 3414 accidit
609 3353 770 3430 adverbiis3
799 3354 960 3424 accidentia
991 3373 1058 3414 vero
1087 3355 1195 3414 debent
1222 3354 1368 3432 generalia
1399 3373 1465 3415 esse
1494 3365 1524 3415 et

229 3456 395 3517 eommunia
419 3455 555 3517 omnibus
578 3456 734 3535 speciebus
756 3455 820 3517 eius
836 3455 972 3516 dictionis
997 3455 1042 3515 cui
1066 3451 1227 3536 arleidunt.
1263 3474 1333 3533 ergo
1353 3456 1458 3516 melius
1478 3465 1523 3516 est

229 3577 284 3639 pre
314 3557 532 3636 comparatione
558 3557 665 3617 addere
692 3557 893 3617 accidentibus
923 3557 1058 3618 adverbio
1088 3557 1226 3636 speeiem.
1272 3556 1413 3634 quaedam
1445 3559 1558 3619 enivnau

229 3659 432 3722 adverbiorum
455 3667 525 3719 sunt
544 3653 742 3742 pontecorvo,
762 3659 791 3718 id
815 3667 860 3719 est
877 3659 1020 3738 primitiva
1044 3659 1088 3719 vel
1111 3658 1222 3738 primae
1243 3659 1410 3738 positionis,
1435 3677 1525 3737 quae-

297 3864 456 3916 losrillnm.
494 3865 519 3910 Δ
537 3862 579 3911 1οο
602 3863 764 3912 dirinntinum
784 3864 815 3913 M
836 3863 948 3912 osculnm
967 3862 987 3910 S
1005 3879 1011 3910 r
1031 3863 1145 3913 oscillum
1171 3871 1208 3910 est
1227 3877 1304 3927 parva
1324 3861 1418 3924 lacios,
1440 3863 1463 3910 id
1484 3871 1524 3912 est

228 3934 307 3996 larva,
335 3949 400 3998 quoe
420 3933 513 4000 mistice
532 3933 625 3982 dicitur
643 3933 779 3982 tulamescn
800 3943 845 3982 ,et
869 3934 1000 3996 Vergilius
1020 3935 1118 3996 (pena-p,
1136 3933 1157 3980 ll
1177 3932 1241 3994 3811)
1261 3933 1363 3980 ‘oscilla
1382 3942 1406 3980 et
1424 3936 1454 3990 (l.
1475 3933 1522 3994 cx)

228 4003 278 4052 olto
304 4006 463 4068 suspendunt
487 4003 572 4051 mollio
603 4001 694 4066 pinn’.
716 4003 802 4051 oscilla
827 4017 886 4051 rere
912 4003 1030 4052 dicuntur
1054 4015 1132 4066 parva
1157 4017 1215 4060 oro,
1241 4001 1367 4066 lentigines
1396 4001 1523 4058 videlicet,

229 4088 294 4136 quoe
312 4073 375 4123 llum
395 4091 427 4122 ex
446 4073 516 4137 ligno
536 4081 560 4120 et
580 4071 707 4128 vestibus,
731 4087 795 4133 qeins
813 4073 890 4135 vulgo
907 4072 1020 4121 badestel
1041 4080 1129 4120 vocant
1144 4107 1149 4118 .
1167 4071 1286 4120 dicuutur
1308 4079 1391 4118 antem
1412 4085 1427 4118 a
1446 4071 1523 4119 verbo

228 4142 329 4205 cillere,
353 4144 379 4191 id
406 4152 444 4192 est
471 4140 664 4190 movere.inde
685 4141 803 4191 dicuntur
821 4141 948 4200 lore-illoc,
969 4141 1035 4190 unde
1054 4149 1188 4188 moventur
1207 4137 1333 4188 lruntentn
1351 4139 1388 4188 vel
1408 4139 1521 4190 lvonleu.

228 4211 345 4261 oscillum
363 4216 392 4271 (l.
413 4211 540 4270 osculnm)
560 4219 584 4259 et
602 4209 700 4258 basium
719 4219 742 4258 et
760 4210 875 4260 serarium
896 4211 962 4258 idem
978 4219 1028 4265 est:
1048 4210 1094 4258 scd
1108 4209 1211 4271 quidum
1230 4210 1324 4257 l'aeitnvt
1343 4208 1522 4270 dlllerentinnr,

228 4282 342 4330 oscillum
358 4283 501 4347 religionis,
520 4281 619 4328 basium
638 4279 745 4340 amoris,
762 4281 880 4329 serarium
901 4280 1035 4345 voluptatis
1055 4280 1076 4326 h
1123 4279 1139 4328 8
1158 4285 1202 4327 bro
1218 4277 1277 4324 -9
1293 4278 1421 4342 :oraculum
1440 4293 1487 4328 one.
1503 4279 1524 4326 S

277 4351 307 4401 13
325 4352 465 4416 cvvnrposito
481 4379 510 4386 -
528 4349 557 4398 lb
572 4349 697 4417 tenacitas¹
711 4363 757 4401 om.
776 4349 796 4398 S
847 4349 877 4399 te
896 4364 1038 4400 rnacvnrus
1058 4363 1181 4399 eniserunt
1201 4361 1359 4396 cavannarum
1379 4363 1403 4398 m·
1424 4361 1523 4396 rnruuu

228 4435 354 4471 vrtcvaren
373 4436 482 4470 nauseare
502 4434 707 4470 eonnsvrnnveu
726 4437 749 4471 ev
769 4435 865 4469 rntnru
884 4433 986 4469 nnrvsuu
1004 4433 1087 4467 renen
1111 4433 1178 4467 mum
1199 4417 1219 4466 G
1246 4431 1347 4465 ernvren
1367 4431 1460 4465 nenses
1479 4433 1509 4465 se

228 4504 323 4540 cennos
346 4503 415 4540 tram
439 4503 572 4539 assereus.
597 4503 624 4537 n.
642 4503 776 4538 exrosvres
800 4504 815 4538 a
836 4503 967 4539 entscrano
994 4501 1157 4536 nnuunnrtco
1179 4488 1200 4536 G
1220 4501 1318 4536 exerte.
1338 4501 1386 4537 ern.
1408 4501 1424 4534 n
1444 4499 1523 4536 ruere.

227 4571 279 4608 tva.
296 4559 374 4611 rrv.S
457 4559 488 4609 18
506 4558 768 4623 Secunde-gentem
785 4574 832 4608 orn.
848 4559 868 4607 S
937 4566 1049 4620 gentem.
1067 4557 1153 4604 dinide
1171 4557 1287 4622 singulos
1307 4554 1405 4619 pedes.
1422 4555 1527 4618 qtrnsG

310 4629 341 4675 lli
363 4643 427 4692 quas
441 4655 473 4664 -
487 4628 723 4692 semiseptenariom
738 4638 798 4692 post
819 4628 854 4678 ’10
872 4627 1000 4692 spondeos
1018 4625 1126 4674 dubetS
1208 4625 1242 4675 20
1261 4624 1337 4674 babet
1351 4623 1524 4688 -spondeos

227 4710 273 4748 orn.
292 4698 335 4746 OG
405 4698 580 4747 ‹livide-21
602 4706 703 4764 gentem
723 4712 769 4747 om.
793 4699 814 4750 0
883 4696 916 4748 26
934 4695 1092 4744 adiuncto&
