3400 5325
225 252 275 295 vm
364 234 369 243 '
770 238 979 301 PRAEFATIO

225 422 381 488 orationis
405 422 577 509 partium)
611 442 696 507 quae
714 420 862 485 collectio
880 422 1008 486 etiarnsi
1024 443 1110 487 nune
1129 430 1216 487 certe
1235 423 1350 509 incipit
1366 444 1386 487 a
1404 427 1518 489 ‘curo'

226 534 258 589 et
280 522 508 606 ἐπιδείκνυμι,
537 520 753 606 1010111ωο1
775 522 953 610 ‘impedio’
964 573 974 606 ,
1000 524 1027 586 si
1049 534 1158 587 tamen
1182 516 1265 588 κατὰ
1285 520 1451 607 στόιχετον
1471 526 1520 589 in·

227 627 373 690 stitutam
406 646 478 689 esse
510 624 640 708 dixero,
674 622 903 711 pernegabunt
936 624 998 689 hoe
1030 626 1070 707 ii,
1105 627 1162 713 qui
1195 627 1376 691 vetustiore
1408 626 1522 711 aliqua
1603 638 1608 645 “
1669 620 1670 629 ’

226 726 389 792 Prisciani
413 724 555 790 editione
577 735 725 803 utentur,
753 725 919 791 veteribus
942 725 993 791 bis
1020 726 1172 793 sordibus
1195 750 1215 791 a
1236 727 1383 793 codicum
1410 727 1520 791 lectio-

227 828 324 893 nibus
360 828 474 893 sedulo
511 828 693 913 segregatis
735 826 895 913 paulatim
941 829 1140 915 perspicient
1185 829 1304 917 quibus
1347 829 1521 916 Scapulam

228 931 449 995 Oxonienscm
476 940 513 993 nt
540 928 695 994 evolvant
722 928 903 1015 contingit,
935 930 1040 1015 primo
1069 930 1184 995 obtutu
1213 938 1393 1015 agnoscent
1420 930 1520 993 semel
1556 925 1557 928 '

227 1033 343 1097 moniti
364 1030 517 1096 editionis
536 1029 633 1095 huius
663 1028 813 1095 lectores.
859 1052 934 1093 0001
957 1031 1034 1095 inde
1053 1033 1186 1097 0101110
1215 1031 1375 1097 vocabulo
1402 1025 1520 1095 αἰσθά-

229 1157 330 1217 νομαι
349 1133 518 1198 1110101010
546 1131 626 1197 ordo
654 1130 833 1197 secundnm
860 1130 1011 1219 exempla
1033 1152 1076 1197 ex
1098 1132 1227 1198 Graeco
1250 1155 1398 1197 sermone
1418 1134 1522 1219 petita

228 1244 418 1300 constanter
438 1234 508 1297 1010
530 1242 680 1299 servatus
702 1241 763 1297 est.
807 1232 896 1319 quod
919 1233 948 1296 si
970 1235 1041 1320 ipse
1064 1236 1306 1321 perspexissem
1326 1244 1402 1299 ante
1424 1256 1522 1321 quam

228 1338 332 1425 ipsius
355 1335 453 1399 huius
476 1334 616 1420 catalogi
635 1342 762 1422 partem
779 1356 822 1397 ex
844 1356 918 1399 mea
940 1335 1043 1421 ipsius
1066 1335 1257 1401 recensione
1278 1336 1366 1423 typis
1390 1358 1544 1423 expres·

229 1461 300 1503 sam
330 1436 527 1525 perlustrare
554 1436 635 1502 mihi
657 1436 819 1515 licuisset,
843 1435 991 1521 singulos
1020 1435 1125 1519 locos,
1157 1438 1214 1521 qui
1247 1436 1288 1501 ab
1317 1437 1431 1502 ordine
1461 1436 1523 1501 boo

228 1538 403 1621 recedunt,
433 1538 528 1623 signo
556 1538 665 1625 aliquo
697 1546 884 1620 notassem3
915 1559 1018 1621 nunc,
1052 1558 1125 1603 cum
1152 1559 1226 1602 sero
1252 1538 1287 1603 id
1316 1538 1522 1603 animadver-

228 1641 341 1723 terim,
363 1640 405 1707 0b
421 1638 457 1703 id
473 1661 573 1705 unum
589 1640 796 1727 aliquatenus
812 1639 1021 1703 excusandus
1045 1638 1148 1725 quod,
1171 1646 1327 1725 quantum
1343 1642 1411 1704 seio
1419 1688 1429 1722 ,
1455 1640 1523 1705 ani·

230 1742 461 1809 madverten'm
483 1743 619 1829 primus,
641 1742 739 1805 huius
759 1741 959 1827 quaestionis
981 1740 1134 1805 minutias
1153 1740 1240 1803 haud
1257 1739 1387 1827 quidem
1411 1762 1523 1805 omnes

233 1844 441 1927 exhauriam,
469 1842 505 1907 id
534 1853 643 1907 tamen
664 1840 820 1925 enotabo,
846 1864 912 1909 uno
934 1840 1127 1907 emblemate
1145 1846 1165 1923 ξ
1185 1844 1238 1905 171
1256 1865 1286 1929 p.
1305 1844 1377 1925 286,
1399 1846 1436 1905 10
1452 1864 1522 1928 sqq.

231 1953 369 2032 excepto
393 1943 599 2030 alphabetico
620 1944 772 2009 ordinata
799 1943 881 2009 baec
907 1944 1055 2032 primum·
1074 1941 1250 2031 procedere
1277 1943 1354 2007 inde
1377 1965 1397 2007 a
1419 1946 1439 2023 ξ
1465 1946 1523 2009 158

230 2067 335 2133 usque
358 2046 400 2109 ad
422 2045 486 2119 ‘air
506 2066 566 2132 pro
589 2042 645 2109 ἐν’
670 2049 690 2127 8
715 2048 775 2111 184
796 2067 857 2131 sq.,
877 2054 945 2108 tum
967 2066 1045 2109 vero
1073 2044 1207 2131 abipsa
1234 2044 1297 2109 hac
1317 2043 1524 2131 paragrapho

238 2150 296 2212 185
320 2146 474 2227 alteram,
496 2155 534 2211 ut
553 2146 695 2211 technici
718 2146 828 2211 dicere
847 2145 968 2227 solent,
998 2145 1218 2210 redactionem
1243 2145 1357 2209 literae
1378 2169 1399 2207 α
1421 2147 1524 2231 sequi,

231 2256 265 2313 et
291 2248 397 2337 ipsam
426 2268 447 2311 a
475 2269 547 2313 voc.
568 2242 797 2313 stoddenstat
825 2247 1054 2334 incipientem3
1086 2246 1220 2311 alterius
1250 2268 1329 2311 vero
1358 2246 1455 2311 huius
1476 2270 1523 2312 10-

233 2350 395 2431 dactionis
416 2350 486 2414 1010
508 2349 637 2412 initium
655 2348 726 2415 loco
751 2348 791 2414 do
810 2347 1024 2431 ἐπιδείκνυμι
1046 2357 1077 2413 01
1098 2346 1263 2431 ἑμποὸίζω
1285 2348 1371 2413 10101
1392 2370 1483 2413 vocc.
1505 2371 1525 2411 0

232 2451 328 2515 111010
351 2473 373 2515 ιι
396 2450 588 2536 incipientia
609 2450 733 2515 11100110
756 2453 851 2533 §188
868 2472 916 2537 sq.
936 2449 1050 2515 eodem
1071 2448 1141 2514 fere
1163 2449 1258 2515 modo
1279 2449 1438 2533 turbatur,
1461 2472 1524 2537 quo

232 2551 396 2625 10110010
418 2552 517 2615 totius
542 2550 641 2615 huius
663 2551 806 2636 catalogi
836 2550 928 2615 locus
951 2551 1136 2616 simillimus
1166 2552 1201 2615 in
1231 2548 1325 2614 libris
1349 2550 1525 2615 collocatus

143 2739 146 2744 q
233 2660 293 2716 ost.
338 2652 474 2736 deindo,
502 2652 650 2741 exeeptis
677 2654 793 2741 paucis
822 2652 1020 2739 quibusdam
1058 2649 1217 2738 exemplis
1256 2652 1327 2718 sive
1357 2651 1399 2717 ob
1432 2675 1526 2738 argu·

232 2755 334 2818 menti
355 2753 604 2820 similitudinem
625 2755 668 2820 ab
691 2756 763 2840 ipso
782 2754 952 2821 Prisciano
980 2755 1112 2818 insertis
1143 2754 1213 2817 sive
1236 2775 1256 2818 a
1278 2754 1389 2818 sciolis
1412 2755 1526 2840 agglu-

232 2856 344 2919 tinatis
365 2856 452 2920 iusto
473 2855 595 2928 ordine
616 2859 725 2921 omnia
750 2856 950 2943 procedunt,
976 2856 1096 2942 partim
1126 2853 1245 2918 iisdem
1269 2855 1441 2920 vocabulis
1467 2855 1526 2920 ibi-

233 2956 371 3044 demque
392 2958 514 3044 passim
535 2957 654 3022 iisdem
671 2957 830 3045 exemplis
853 2958 1018 3042 repetitis,
1045 2957 1165 3044 partim
1187 2957 1283 3022 novis
1304 2965 1337 3022 01
1356 2956 1526 3022 vocabulis

234 3067 266 3122 et
285 3057 446 3144 exemplis
473 3058 614 3143 additis,
640 3059 853 3146 1100000118
881 3062 952 3124 197.
997 3069 1031 3123 01
1051 3061 1072 3138 §
1097 3058 1156 3134 198
1182 3058 1274 3143 ipsae
1300 3057 1376 3122 illae
1399 3057 1439 3121 de
1462 3060 1527 3132 ‘etp

232 3182 292 3246 pro
314 3156 367 3221 ἐν’
398 3158 596 3245 paragraphi
618 3164 653 3242 (ξ
679 3161 738 3223 184
760 3163 825 3246 sq.)
845 3160 1043 3226 verbotenus
1068 3159 1138 3224 fere
1165 3167 1367 3244 repetuntur.
1404 3167 1524 3224 utram·

234 3281 297 3349 qne
324 3257 414 3324 illam
446 3258 605 3324 11101000
629 3261 852 3326 redactionem
878 3261 919 3324 ab
948 3262 1020 3347 ipso
1048 3260 1217 3324 Prisciano
1243 3261 1423 3349 profectam
1455 3283 1528 3328 esse

233 3383 299 3426 non
321 3370 370 3424 est
393 3360 481 3446 quod
502 3382 635 3446 negem3
657 3361 794 3427 alteram
815 3383 895 3426 vero
917 3361 1012 3426 alteri
1036 3361 1105 3424 sive
1128 3362 1350 3426 emendandae
1368 3363 1439 3428 sive
1454 3385 1526 3448 sup-

232 3462 373 3548 plendae
394 3461 591 3527 destinatam
611 3463 720 3528 alieno
742 3461 814 3527 loeo
836 3461 1049 3544 inculcatam,
1070 3470 1141 3528 tum
1155 3486 1234 3529 vero
1250 3463 1306 3528 illo
1322 3463 1363 3529 de
1385 3465 1453 3539 ‘sle
1468 3485 1526 3550 pro

233 3562 288 3628 ἐν’
315 3562 452 3628 01110010
483 3565 624 3650 repetito
650 3586 725 3628 cum
751 3562 887 3651 reliquis
922 3564 1129 3650 aliquatenus
1164 3574 1427 3650 coagmentatam
1454 3587 1527 3628 esse

233 3687 362 3730 censeo.
407 3664 647 3748 1011008198
675 3687 780 3752 usque
807 3666 851 3730 ad
880 3665 977 3732 linem
1004 3667 1114 3730 omnia
1143 3667 1318 3754 perpaucis
1346 3666 1527 3734 corollariis

234 3765 381 3853 exceptis
400 3765 570 3831 literarum
591 3767 698 3833 ordini
718 3767 934 3854 respondent,
955 3777 992 3832 ut
1013 3768 1067 3834 vel
1089 3764 1299 3851 tardaturum
1314 3767 1527 3852 0110001110

234 3870 319 3932 inter
339 3867 526 3954 exemplaa
546 3866 642 3932 litera
666 3891 682 3932 ε
703 3869 896 3955 incipientia
916 3871 1048 3934 tertium
1066 3879 1256 3954 repetantur
1276 3873 1296 3950 ξ
1319 3873 1390 3934 206.
1436 3871 1526 3934 omit·

233 3977 347 4034 tuntur
374 3970 410 4034 in
438 3967 641 4053 amplissima
655 3969 718 4035 hae
739 3973 824 4036 serie
846 3992 938 4036 voce.
962 3993 982 4033 a
1005 3973 1021 4048 ζ
1041 3978 1075 4034 01
1095 3991 1115 4033 0
1139 3992 1158 4052 ρ
1179 3972 1386 4058 incipientia,
1417 3993 1438 4034 ν
1458 3971 1527 4046 et}

234 4069 375 4155 singulis
397 4069 557 4154 exemplis
585 4072 692 4158 iisque
721 4074 816 4159 quasi
835 4074 872 4137 in
899 4073 1041 4136 transitu
1069 4072 1207 4136 annexis
1236 4071 1469 4158 profligantur,
1492 4081 1529 4135 ut

234 4172 293 4235 vix
327 4171 539 4254 crediderim,
574 4172 745 4261 archetypi
768 4172 949 4254 librarium,
983 4175 1057 4236 oum
1086 4171 1170 4237 forte
1202 4171 1336 4238 fortuito
1361 4173 1404 4238 ad
1436 4195 1526 4238 voco.

129 4358 133 4366 Ι
233 4265 466 4356 *χορτάζομαῃ
490 4273 608 4338 001101’
631 4273 743 4361 ibique
766 4273 964 4339 adversum
986 4272 1079 4336 illurn
1100 4271 1333 4339 Terentianum

362 4374 419 4438 sed
444 4382 616 4461 postquam
641 4377 731 4440 intus
753 4398 826 4439 sum
849 4375 994 4438 omnium
1013 4395 1121 4438 rerum
1143 4382 1233 4438 satur

234 4474 454 4561 pervenisset,
476 4477 585 4542 taedio
610 4485 735 4574 motum
757 4474 862 4540 literis
885 4483 910 4550 ψ
932 4481 964 4538 01
984 4496 1010 4538 ω
1031 4476 1158 4540 omissis
1178 4476 1382 4560 substitisse,
1405 4476 1464 4542 sed
1483 4477 1527 4542 ad

233 4577 339 4660 ipsum
362 4576 470 4661 potius
492 4577 699 4642 Priscianum
720 4575 866 4638 taedium
888 4574 969 4638 illud
991 4575 1147 4658 10101010,
1177 4578 1264 4664 quod
1285 4579 1358 4665 ipso
1380 4577 1437 4643 illo
1459 4577 1527 4642 lon·

233 4676 355 4762 ginqno
372 4673 478 4740 labori
494 4677 558 4742 fine
574 4678 727 4765 imposito
740 4695 807 4740 non
821 4675 931 4742 minus
947 4675 1090 4742 dilucide
1108 4681 1272 4767 expressit
1290 4700 1386 4765 quam
1404 4679 1526 4747 codicis
