3400 5325
279 232 341 293 atu
835 231 1021 296 Pulsulaut

330 359 352 400 p.
362 346 421 386 1278.
435 347 461 387 ld
470 347 493 387 Ρ,
1370 359 1391 400 p.
1401 348 1445 388 351.
1460 347 1486 388 tu
1496 348 1525 388 ll.

211 425 263 477 auu
283 416 401 488 Quare‘l
423 418 496 488 Quia
512 419 610 479 omnia
631 419 793 480 masculina
816 419 860 479 rel
884 419 1020 480 leminioa
1038 422 1080 481 vel
1097 420 1262 481 eommunia
1283 427 1341 480 tam
1359 420 1469 480 Graeca
1488 437 1579 497 quam

279 517 381 580 Latina
403 519 433 580 in
457 539 473 580 a
494 519 657 581 desinentia
676 519 787 599 primae
808 528 878 581 sunt
899 520 1117 596 declinationis,
1136 523 1265 601 exceptis
1285 521 1342 582 illis
1359 539 1434 599 quae
1448 539 1579 582 naseun-

280 625 329 681 tur
350 640 366 681 a
385 621 556 683 masculinis
574 621 604 681 in
622 621 669 682 ius
694 622 918 684 terminantibus
940 623 1121 699 genetivum,
1144 641 1221 701 quac
1244 631 1313 684 sunt
1329 621 1415 696 baec,
1439 641 1496 684 uua
1517 621 1575 682 ulla

279 722 359 784 nulla
386 722 447 784 sola
470 730 531 784 tota
559 724 614 784 alia
642 733 709 784 utra
731 724 836 797 altera,
864 731 893 784 et
914 741 989 800 quae
1016 743 1051 784 ex
1072 725 1118 786 lris
1141 734 1375 804 componuntur;
1401 724 1576 784 similitera

279 842 335 902 qua
356 825 532 904 composita,
556 824 641 902 siqua
662 842 758 904 nequa
774 826 880 902 aliqua.
926 843 959 886 ea
977 825 1054 884 eninr
1075 825 1240 904 genetivum
1262 833 1291 886 et
1312 825 1438 886 dativum
1457 843 1600 884 masau-s

278 924 404 986 linorum
432 934 549 986 servant
576 945 712 998 snorum,
733 926 812 986 unde
839 926 957 1003 quidam
981 945 1040 988 nou
1067 928 1103 988 ad
1126 927 1368 1006 significationem
1392 925 1444 986 sed
1467 925 1504 985 ad
1523 925 1577 984 de-

278 1026 465 1088 clinationem
488 1027 680 1088 adtendentes
701 1028 873 1108 pronomina
896 1047 929 1088 ea
948 1047 1014 1090 esse
1036 1037 1220 1110 putaverunt.

211 1137 262 1188 207
365 1127 532 1206 Reliquit
554 1147 629 1206 quae
648 1149 716 1208 pars
736 1129 877 1190 orationis
896 1128 961 1190 est?
983 1129 1119 1190 l'erbum.
1144 1129 1246 1202 Quale,
1263 1129 1290 1190 ivl
1308 1139 1353 1190 est
1368 1129 1453 1190 cuius
1473 1125 1577 1188 modi?

277 1231 435 1292 lndieativi.
479 1230 569 1291 Cuius
597 1229 731 1291 lorroael
773 1231 940 1305 l'erleotae,
968 1231 1181 1309 coniugationis
1206 1232 1325 1304 tertiae,
1353 1229 1576 1308 significationis

278 1333 397 1407 activae,
420 1333 535 1392 numeri
559 1332 731 1411 singularia,
753 1335 864 1410 figurae
887 1333 1075 1412 compositae.
1108 1333 1152 1392 Ex
1173 1331 1301 1410 quibus?
1329 1333 1372 1392 Ex
1392 1331 1509 1392 duobus
1532 1331 1577 1390 in·
1589 1352 1611 1390 ro

277 1435 383 1512 tegris,
414 1453 446 1494 re
474 1443 504 1493 et
530 1432 622 1510 liquit.
668 1433 825 1514 separatim
858 1441 955 1494 tauron
991 1451 1022 1494 re
1055 1434 1111 1494 dici
1139 1453 1198 1494 uon
1221 1441 1336 1514 potest3
1369 1433 1446 1511 quod
1475 1441 1575 1492 tamon

276 1536 394 1614 quidam
422 1536 559 1597 volunta
586 1542 665 1596 retro
693 1535 737 1596 vel
758 1553 863 1596 rursus
885 1553 960 1596 esse.
1005 1535 1082 1614 quod
1108 1536 1134 1598 si
1156 1535 1208 1610 sit,
1234 1555 1268 1596 ex
1289 1543 1427 1614 corrupto
1448 1542 1477 1594 et
1499 1534 1576 1594 inte-

237 1633 240 1640 ’
277 1655 331 1714 gro
355 1635 501 1696 invenitur
528 1655 562 1696 ea
588 1655 671 1716 pars;
708 1637 792 1715 liquit
821 1637 900 1698 euim
932 1637 1093 1716 perlectum
1121 1645 1174 1698 est.
1219 1637 1310 1698 Cuius
1336 1645 1380 1696 est
1409 1632 1576 1714 temporis?

277 1738 439 1800 Praeteriti.
484 1739 581 1808 Quare
605 1738 705 1816 linquo
728 1735 817 1821 lillqui
832 1739 902 1799 iacit
921 1737 1132 1819 praeteritum?
1156 1739 1270 1808 Quian
1294 1737 1429 1798 habentia
1450 1745 1519 1796 ante
1539 1755 1575 1796 eo

278 1841 322 1901 vel
345 1859 403 1918 quo
422 1840 534 1901 abiecta
554 1860 573 1900 n
595 1840 708 1900 iaciunt
729 1841 934 1918 praeteritum,
955 1839 1055 1918 linquo
1073 1839 1159 1918 liqui,
1184 1840 1268 1900 vineo
1288 1838 1350 1899 vici.
1386 1839 1521 1898 similiter
1536 1837 1609 1896 abta

278 1943 322 2004 eis
344 1943 522 2022 composita,
545 1943 667 2002 deviuco
690 1941 797 2013 devici,
821 1936 971 2021 eonlvinco
990 1941 1117 2014 convici,
1139 1941 1273 2020 relinquo
1290 1940 1411 2018 reliqui,
1435 1939 1575 2016 delinquo

277 2044 401 2122 deliqui,
423 2041 595 2122 derelinquo
617 2042 774 2120 dereliqui,
793 2050 823 2102 et
841 2044 1010 2122 producunt
1031 2043 1039 2103 i
1060 2043 1269 2123 paenultimam
1288 2043 1318 2102 in
1343 2041 1501 2121 praeterito
1524 2059 1576 2100 na-

209 2155 261 2208 208
279 2145 420 2205 turaliter.
461 2145 585 2205 [leelina
602 2143 731 2204 verbum.
771 2144 914 2222 Relinque
935 2145 1135 2222 relinquebam
1157 2144 1260 2222 reliqui
1285 2143 1461 2220 reliqueram
1484 2142 1576 2202 relin-

276 2265 379 2325 quam;
401 2246 572 2327 imperativo
594 2244 741 2326 praesenti
763 2245 896 2322 relinque
917 2245 1063 2324 relinquat
1084 2246 1283 2324 relinquamus
1305 2244 1461 2322 relinquite
1484 2243 1575 2304 relin-
1683 2243 1684 2252 ’

277 2358 384 2426 quant,
413 2348 512 2409 luturo
537 2346 693 2424 relinquito
720 2355 767 2417 tu,
798 2346 955 2423 relinquito
988 2347 1051 2421 ille,
1090 2346 1292 2424 relinquitoto,
1326 2349 1501 2420 relinquunt
1529 2348 1607 2404 rv’lve

276 2451 478 2528 relinquuuto;
500 2449 628 2527 optativo
647 2449 756 2510 utinam
772 2447 968 2526 relinquerem
989 2447 1173 2528 reliquissem
1193 2447 1371 2526 relinquam;
1389 2447 1575 2508 subiunctivo

277 2570 344 2613 cum
366 2549 528 2628 relinquam
549 2549 745 2626 relinquerem
770 2549 938 2628 reliquerim
965 2549 1148 2628 reliquissent
1171 2549 1331 2627 reliquero;
1358 2549 1501 2611 infinitivo
1528 2569 1577 2609 re-

276 2653 410 2732 linquere
436 2650 591 2731 reliquisse
616 2651 749 2713 relietum
777 2651 820 2713 ire
842 2651 887 2713 vel
909 2650 1078 2713 relicturum
1104 2670 1181 2713 esse.
1226 2649 1346 2711 [leelina
1369 2652 1455 2713 etiam
1478 2651 1576 2731 passi-

278 2775 354 2817 vum.
390 2754 546 2816 indicativo
574 2754 739 2833 relinquor,
762 2754 964 2833 relinquebar‚
992 2752 1113 2814 relictus
1141 2772 1206 2815 sum
1232 2752 1275 2813 vel
1303 2752 1423 2814 relictus
1446 2754 1504 2827 lui,
1527 2772 1575 2813 re-

276 2858 364 2918 lictus
394 2874 473 2917 eram
497 2856 541 2917 vel
562 2855 682 2917 relictus
704 2856 830 2929 luerem,
853 2856 1018 2933 relinquar;
1041 2855 1211 2934 imperativo
1235 2854 1382 2933 praesenti
1404 2854 1607 2931 relinquerem

277 2959 460 3037 relinquatur
491 2958 691 3036 relinquamur
723 2957 919 3035 relinquimini
954 2956 1172 3035 relinquantur,
1201 2958 1299 3017 lutrrro
1326 2955 1502 3033 relinquitur
1529 2963 1573 3029 tn,

270 3062 451 3139 relinquitur
463 3059 527 3133 ille,
541 3058 778 3137 relinquiminor,
794 3058 998 3136 relinquantur
1009 3056 1051 3117 vel
1065 3057 1287 3135 ‘relinquuntor3
1310 3056 1438 3137 optativo
1460 3057 1572 3117 utinam

278 3163 474 3240 relinquerer,
497 3162 616 3222 relictus
639 3178 735 3222 essem
755 3160 800 3221 vel
820 3161 940 3222 relictus
958 3160 1093 3232 luissem,
1115 3159 1280 3236 relinquar;
1305 3158 1490 3220 subiunctivo
1506 3178 1580 3231 eum,

277 3264 442 3341 relinquar,
471 3263 668 3341 relinquerer,
695 3262 817 3323 relictus
840 3263 894 3323 sim
919 3262 962 3321 vel
984 3259 1105 3323 relictus
1125 3261 1245 3331 luerim,
1265 3259 1385 3321 relictus
1408 3280 1505 3321 essem
1529 3262 1574 3320 vel

210 3382 261 3435 oon
279 3365 398 3427 relictos
420 3365 559 3440 luissem,
583 3364 703 3427 relictus
726 3383 777 3425 ero
800 3364 845 3423 vel
870 3364 990 3425 relictus
1013 3365 1113 3437 luevo;
1136 3361 1248 3423 inlicito
1271 3361 1412 3439 relinqui,
1438 3362 1609 3427 relictnmeo

116 3516 127 3527 ,
239 3514 242 3520 .
278 3486 345 3529 esse
365 3467 411 3528 vel
432 3465 567 3527 relictum
585 3466 691 3536 luisse,
716 3466 850 3527 relictum
874 3466 917 3525 iri.
963 3464 1102 3545 gerundia
1125 3464 1169 3525 rel
1192 3462 1296 3545 supina
1319 3463 1503 3541 relinquendi
1527 3483 1575 3524 re·

276 3569 436 3648 linquendo
458 3567 682 3646 relinquendum
703 3567 838 3627 relictum
866 3567 979 3627 relicto.
1024 3565 1177 3646 participia
1200 3564 1292 3626 activa
1316 3566 1481 3643 praesentis
1502 3574 1576 3625 tem-

276 3672 357 3751 poris
382 3669 568 3748 relinquens,
591 3668 682 3730 tutori
704 3668 877 3744 relicturum
907 3667 1023 3748 passiva
1045 3665 1193 3747 praeteriti
1215 3665 1351 3738 relictus,
1377 3666 1466 3728 loturi
1485 3666 1576 3727 relin-

276 3773 421 3851 quendus.
443 3789 551 3833 nornen
571 3769 687 3831 verbale
701 3769 820 3830 relictor
841 3778 871 3831 et
892 3768 1033 3841 relictrix,
1056 3770 1121 3847 ipsa
1140 3786 1188 3828 res
1205 3767 1335 3841 relictio;
1356 3776 1455 3846 potest
1476 3776 1574 3829 tamen
1621 3768 1624 3775 '

277 3883 306 3934 et
328 3874 448 3935 relictus
467 3873 545 3947 diei,
565 3870 617 3933 sed
640 3879 761 3949 quartae
785 3871 997 3932 declinationis.
1042 3870 1111 3929 bine
1134 3868 1280 3929 derivatur
1303 3877 1331 3928 et
1353 3868 1483 3947 reliquus
1505 3870 1606 3932 reli-sa

277 3994 335 4053 qua
356 3976 501 4053 reliquum
524 3980 553 4033 et
574 3973 731 4059 reliquiae,
755 3973 832 4051 quod
856 3982 959 4053 poetae
980 3970 1152 4051 interposita
1175 3971 1184 4030 l
1204 3970 1355 4051 relliquiae
1375 3972 1460 4031 metri
1483 3990 1573 4033 eausa

278 4078 439 4155 proferunt.
469 4071 531 4137 'est
546 4075 638 4136 ‚etiam
658 4073 795 4153 delinquo
814 4073 1048 4154 praeterlinquo,
1072 4093 1087 4133 a
1111 4072 1248 4150 delinquo
1270 4071 1409 4133 delictum
1431 4092 1485 4153 pro
1503 4092 1574 4153 pec-

278 4186 358 4250 cato,
378 4176 457 4255 quod
479 4176 621 4256 delinquit
645 4177 773 4239 officium
796 4195 882 4238 snum
899 4174 950 4254 qui
972 4181 1084 4254 peccat.

349 4364 381 4413 14
399 4364 485 4426 linquo
504 4365 584 4428 linqui
606 4364 639 4424 C,
655 4365 682 4413 io
703 4378 753 4428 prro
775 4366 832 4413 item
843 4364 872 4412 in
883 4364 988 4427 reliquie
1005 4360 1090 4411 verbio
1108 4376 1172 4425 pune
1188 4368 1308 4411 secuntur
1324 4368 1349 4409 et
1362 4362 1387 4409 in
1406 4360 1573 4411 declinatione

276 4432 348 4483 uerbi
360 4432 504 4495 relinquou
520 4438 606 4484 littero
624 4433 715 4483 addita
731 4441 770 4483 eet
785 4434 876 4496 forrata
894 4432 1030 4495 praeteriti
1046 4432 1163 4493 temporie
1236 4428 1268 4480 18
1285 4430 1387 4479 Deelioa
1406 4432 1512 4480 uerbum
1533 4431 1571 4480 M.

278 4502 378 4566 Linque
396 4512 420 4550 et
435 4510 482 4551 eet.
503 4507 528 4554 Δ
542 4504 646 4553 Deolina
664 4503 740 4552 etium
753 4503 923 4568 passiuumG
993 4500 1189 4563 20relluqunut
1209 4499 1247 4549 vel
1266 4514 1312 4549 our.
1331 4496 1371 4549 OS
1440 4501 1475 4552 26
1494 4501 1570 4550 relin-

279 4571 384 4634 quimini
404 4568 447 4621 OS
462 4572 640 4637 relinquamini
655 4572 676 4621 0
