<?xml version="1.0" encoding="UTF-8"?>
<!DOCTYPE html PUBLIC "-//W3C//DTD XHTML 1.0 Transitional//EN"
    "http://www.w3.org/TR/xhtml1/DTD/xhtml1-transitional.dtd">
<html xmlns="http://www.w3.org/1999/xhtml" xml:lang="en" lang="en">
 <head>
  <title>
</title>
<meta http-equiv="Content-Type" content="text/html;charset=utf-8" />
  <meta name='ocr-system' content='tesseract 3.04.00' />
  <meta name='ocr-capabilities' content='ocr_page ocr_carea ocr_par ocr_line ocrx_word'/>
</head>
<body>
  <div class='ocr_page' id='page_1' title='image "./grammaticilatin04hagagoog/grammaticilatin04hagagoog_0536.png"; bbox 0 0 3400 5325; ppageno 0'>
   <div class='ocr_carea' id='block_1_1' title="bbox 253 197 994 262">
    <p class='ocr_par' dir='ltr' id='par_1_1' title="bbox 253 197 994 262">
     <span class='ocr_line' id='line_1_1' title="bbox 253 197 994 262; baseline 0.007 -5"><span class='ocrx_word' id='word_1_1' title='bbox 253 197 316 258; x_wconf 80' lang='lat'><strong>508</strong></span> <span class='ocrx_word' id='word_1_2' title='bbox 808 197 994 262; x_wconf 71' lang='lat' dir='ltr'><strong>rtttsctlrtl</strong></span> 
     </span>
    </p>
   </div>
   <div class='ocr_carea' id='block_1_2' title="bbox 304 311 1501 446">
    <p class='ocr_par' dir='ltr' id='par_1_2' title="bbox 304 311 1501 446">
     <span class='ocr_line' id='line_1_2' title="bbox 304 311 1501 367; baseline 0 -15"><span class='ocrx_word' id='word_1_3' title='bbox 304 311 462 366; x_wconf 53' lang='lat' dir='ltr'><strong>armeno.</strong></span> <span class='ocrx_word' id='word_1_4' title='bbox 1348 312 1501 367; x_wconf 61' lang='lat' dir='ltr'><strong>anesus.</strong></span> 
     </span>
     <span class='ocr_line' id='line_1_3' title="bbox 996 384 1396 446; baseline 0.003 -2"><span class='ocrx_word' id='word_1_5' title='bbox 996 384 1240 446; x_wconf 79' lang='lat' dir='ltr'>Oceanitides</span> <span class='ocrx_word' id='word_1_6' title='bbox 1262 385 1396 446; x_wconf 87' lang='lat' dir='ltr'><strong>ambae.</strong></span> 
     </span>
    </p>
   </div>
   <div class='ocr_carea' id='block_1_3' title="bbox 186 483 1591 4218">
    <p class='ocr_par' dir='ltr' id='par_1_3' title="bbox 188 483 1574 1175">
     <span class='ocr_line' id='line_1_4' title="bbox 188 483 1554 570; baseline 0.001 -30"><span class='ocrx_word' id='word_1_7' title='bbox 188 489 237 540; x_wconf 80' lang='lat' dir='ltr'><strong>roo</strong></span> <span class='ocrx_word' id='word_1_8' title='bbox 257 485 310 546; x_wconf 88' lang='lat' dir='ltr'><strong>llic</strong></span> <span class='ocrx_word' id='word_1_9' title='bbox 334 486 544 565; x_wconf 75' lang='lat' dir='ltr'><strong>possessivum.</strong></span> <span class='ocrx_word' id='word_1_10' title='bbox 589 485 738 547; x_wconf 84' lang='lat' dir='ltr'><strong>Oceanius</strong></span> <span class='ocrx_word' id='word_1_11' title='bbox 777 487 905 546; x_wconf 75' lang='lat' dir='ltr'><strong>Oceania</strong></span> <span class='ocrx_word' id='word_1_12' title='bbox 926 483 940 570; x_wconf 84' lang='grc' dir='ltr'><strong>ΙΙ</strong></span> <span class='ocrx_word' id='word_1_13' title='bbox 962 487 1139 560; x_wconf 87' lang='lat' dir='ltr'><strong>Oceanium,</strong></span> <span class='ocrx_word' id='word_1_14' title='bbox 1172 495 1202 548; x_wconf 89' lang='lat' dir='ltr'><strong>nt</strong></span> <span class='ocrx_word' id='word_1_15' title='bbox 1231 486 1386 548; x_wconf 89' lang='lat' dir='ltr'><strong>Saturnius</strong></span> <span class='ocrx_word' id='word_1_16' title='bbox 1413 486 1554 546; x_wconf 88' lang='lat' dir='ltr'><strong>Saturnia</strong></span> 
     </span>
     <span class='ocr_line' id='line_1_5' title="bbox 254 579 1553 666; baseline -0.002 -19"><span class='ocrx_word' id='word_1_17' title='bbox 254 588 432 648; x_wconf 89' lang='lat' dir='ltr'><strong>Saturnium.</strong></span> <span class='ocrx_word' id='word_1_18' title='bbox 468 588 521 648; x_wconf 86' lang='lat' dir='ltr'><strong>llic</strong></span> <span class='ocrx_word' id='word_1_19' title='bbox 541 588 785 666; x_wconf 69' lang='lat' dir='ltr'><strong>patronymicum.</strong></span> <span class='ocrx_word' id='word_1_20' title='bbox 813 579 957 660; x_wconf 81' lang='grc' dir='ltr'><strong><em>Ὠκεανὸς</em></strong></span> <span class='ocrx_word' id='word_1_21' title='bbox 976 581 1123 648; x_wconf 78' lang='grc' dir='ltr'><strong><em>Ὠκεανοῦ</em></strong></span> <span class='ocrx_word' id='word_1_22' title='bbox 1142 588 1306 648; x_wconf 82' lang='lat' dir='ltr'><strong>Oceanides</strong></span> <span class='ocrx_word' id='word_1_23' title='bbox 1328 597 1357 647; x_wconf 90' lang='lat' dir='ltr'><strong>et</strong></span> <span class='ocrx_word' id='word_1_24' title='bbox 1377 586 1553 646; x_wconf 85' lang='lat' dir='ltr'><strong>lemininnnr</strong></span> 
     </span>
     <span class='ocr_line' id='line_1_6' title="bbox 254 683 1554 768; baseline -0.002 -20"><span class='ocrx_word' id='word_1_25' title='bbox 254 688 397 760; x_wconf 82' lang='lat' dir='ltr'><strong>Oceanis,</strong></span> <span class='ocrx_word' id='word_1_26' title='bbox 426 688 505 749; x_wconf 85' lang='lat' dir='ltr'><strong>relat</strong></span> <span class='ocrx_word' id='word_1_27' title='bbox 534 690 671 765; x_wconf 75' lang='grc' dir='ltr'><strong><em>Πρίαμος</em></strong></span> <span class='ocrx_word' id='word_1_28' title='bbox 702 683 843 768; x_wconf 68' lang='lat' dir='ltr'><strong>Ilpmipo</strong></span> <span class='ocrx_word' id='word_1_29' title='bbox 869 689 1029 750; x_wconf 78' lang='lat' dir='ltr'><strong>Priamides</strong></span> <span class='ocrx_word' id='word_1_30' title='bbox 1061 697 1090 748; x_wconf 87' lang='lat' dir='ltr'><strong>et</strong></span> <span class='ocrx_word' id='word_1_31' title='bbox 1120 690 1251 750; x_wconf 81' lang='lat' dir='ltr'><strong>l’riamis.</strong></span> <span class='ocrx_word' id='word_1_32' title='bbox 1296 699 1325 748; x_wconf 90' lang='lat' dir='ltr'><strong>et</strong></span> <span class='ocrx_word' id='word_1_33' title='bbox 1352 689 1485 766; x_wconf 85' lang='lat' dir='ltr'><strong>quamvls</strong></span> <span class='ocrx_word' id='word_1_34' title='bbox 1514 687 1554 747; x_wconf 91' lang='lat' dir='ltr'><strong>sit</strong></span> 
     </span>
     <span class='ocr_line' id='line_1_7' title="bbox 254 789 1574 870; baseline -0.002 -20"><span class='ocrx_word' id='word_1_35' title='bbox 254 791 405 870; x_wconf 87' lang='lat' dir='ltr'><strong>proprium</strong></span> <span class='ocrx_word' id='word_1_36' title='bbox 433 792 586 862; x_wconf 78' lang='lat' dir='ltr'><strong>Oceanus,</strong></span> <span class='ocrx_word' id='word_1_37' title='bbox 613 791 700 851; x_wconf 87' lang='lat' dir='ltr'><strong>etiam</strong></span> <span class='ocrx_word' id='word_1_38' title='bbox 728 811 782 870; x_wconf 91' lang='lat' dir='ltr'><strong>pro</strong></span> <span class='ocrx_word' id='word_1_39' title='bbox 815 790 989 870; x_wconf 84' lang='lat' dir='ltr'><strong>appellativo</strong></span> <span class='ocrx_word' id='word_1_40' title='bbox 1021 791 1178 870; x_wconf 78' lang='lat' dir='ltr'><strong>accipitur,</strong></span> <span class='ocrx_word' id='word_1_41' title='bbox 1210 790 1328 868; x_wconf 76' lang='lat' dir='ltr'><strong>ociando</strong></span> <span class='ocrx_word' id='word_1_42' title='bbox 1356 797 1454 869; x_wconf 90' lang='lat' dir='ltr'><strong>partes</strong></span> <span class='ocrx_word' id='word_1_43' title='bbox 1483 789 1574 848; x_wconf 74' lang='lat' dir='ltr'><strong>eius-¹»</strong></span> 
     </span>
     <span class='ocr_line' id='line_1_8' title="bbox 254 891 1557 970; baseline -0.003 -18"><span class='ocrx_word' id='word_1_44' title='bbox 254 893 413 970; x_wconf 69' lang='lat' dir='ltr'><strong>signidem,</strong></span> <span class='ocrx_word' id='word_1_45' title='bbox 436 903 469 952; x_wconf 91' lang='lat' dir='ltr'><strong>ut</strong></span> <span class='ocrx_word' id='word_1_46' title='bbox 491 893 516 951; x_wconf 91' lang='lat' dir='ltr'><strong>si</strong></span> <span class='ocrx_word' id='word_1_47' title='bbox 539 891 634 952; x_wconf 86' lang='lat' dir='ltr'><strong>dicam</strong></span> <span class='ocrx_word' id='word_1_48' title='bbox 656 893 818 953; x_wconf 78' lang='lat' dir='ltr'><strong>Atlanticus</strong></span> <span class='ocrx_word' id='word_1_49' title='bbox 834 911 964 952; x_wconf 82' lang='lat' dir='ltr'><strong>oceanus</strong></span> <span class='ocrx_word' id='word_1_50' title='bbox 986 901 1015 952; x_wconf 88' lang='lat' dir='ltr'><strong>ct</strong></span> <span class='ocrx_word' id='word_1_51' title='bbox 1040 891 1156 953; x_wconf 87' lang='lat' dir='ltr'><strong>lnrlicus</strong></span> <span class='ocrx_word' id='word_1_52' title='bbox 1177 910 1306 952; x_wconf 88' lang='lat' dir='ltr'><strong>oceanus</strong></span> <span class='ocrx_word' id='word_1_53' title='bbox 1326 899 1355 950; x_wconf 92' lang='lat' dir='ltr'><strong>et</strong></span> <span class='ocrx_word' id='word_1_54' title='bbox 1376 891 1500 952; x_wconf 77' lang='lat' dir='ltr'><strong>linricus</strong></span> <span class='ocrx_word' id='word_1_55' title='bbox 1523 897 1557 948; x_wconf 92' lang='lat' dir='ltr'><strong>et</strong></span> 
     </span>
     <span class='ocr_line' id='line_1_9' title="bbox 254 993 1555 1072; baseline -0.004 -18"><span class='ocrx_word' id='word_1_56' title='bbox 254 993 433 1072; x_wconf 72' lang='lat' dir='ltr'><strong>Erythraeus</strong></span> <span class='ocrx_word' id='word_1_57' title='bbox 460 993 521 1054; x_wconf 87' lang='lat' dir='ltr'><strong>sire</strong></span> <span class='ocrx_word' id='word_1_58' title='bbox 547 993 750 1072; x_wconf 77' lang='lat' dir='ltr'><strong>Aethiopicos,</strong></span> <span class='ocrx_word' id='word_1_59' title='bbox 779 993 928 1070; x_wconf 83' lang='lat' dir='ltr'><strong>quomodo</strong></span> <span class='ocrx_word' id='word_1_60' title='bbox 958 1012 1053 1068; x_wconf 89' lang='lat' dir='ltr'><strong>mare,</strong></span> <span class='ocrx_word' id='word_1_61' title='bbox 1083 1013 1151 1054; x_wconf 88' lang='lat' dir='ltr'><strong>curn</strong></span> <span class='ocrx_word' id='word_1_62' title='bbox 1180 1002 1272 1054; x_wconf 88' lang='lat' dir='ltr'><strong>tntum</strong></span> <span class='ocrx_word' id='word_1_63' title='bbox 1297 993 1460 1071; x_wconf 82' lang='lat' dir='ltr'><strong>significat,</strong></span> <span class='ocrx_word' id='word_1_64' title='bbox 1483 1010 1555 1070; x_wconf 82' lang='lat' dir='ltr'><strong>pro-</strong></span> 
     </span>
     <span class='ocr_line' id='line_1_10' title="bbox 254 1095 915 1175; baseline 0.003 -21"><span class='ocrx_word' id='word_1_65' title='bbox 254 1095 350 1175; x_wconf 88' lang='lat' dir='ltr'><strong>prium</strong></span> <span class='ocrx_word' id='word_1_66' title='bbox 374 1103 433 1166; x_wconf 88' lang='lat' dir='ltr'><strong>est,</strong></span> <span class='ocrx_word' id='word_1_67' title='bbox 456 1113 524 1155; x_wconf 88' lang='lat' dir='ltr'><strong>curn</strong></span> <span class='ocrx_word' id='word_1_68' title='bbox 547 1105 678 1173; x_wconf 86' lang='lat' dir='ltr'><strong>parteur,</strong></span> <span class='ocrx_word' id='word_1_69' title='bbox 700 1095 915 1174; x_wconf 83' lang='lat' dir='ltr'><strong>appellatirunr.</strong></span> 
     </span>
    </p>

    <p class='ocr_par' dir='ltr' id='par_1_4' title="bbox 225 1192 1591 1683">
     <span class='ocr_line' id='line_1_11' title="bbox 339 1192 1556 1275; baseline -0.002 -19"><span class='ocrx_word' id='word_1_70' title='bbox 339 1197 485 1256; x_wconf 88' lang='lat' dir='ltr'><strong>luterea</strong></span> <span class='ocrx_word' id='word_1_71' title='bbox 511 1215 586 1274; x_wconf 73' lang='lat' dir='ltr'><strong>rpnae</strong></span> <span class='ocrx_word' id='word_1_72' title='bbox 610 1215 679 1275; x_wconf 90' lang='lat' dir='ltr'><strong>pars</strong></span> <span class='ocrx_word' id='word_1_73' title='bbox 700 1196 840 1257; x_wconf 86' lang='lat' dir='ltr'><strong>orationis</strong></span> <span class='ocrx_word' id='word_1_74' title='bbox 860 1195 925 1257; x_wconf 81' lang='lat' dir='ltr'><strong>est?</strong></span> <span class='ocrx_word' id='word_1_75' title='bbox 960 1196 1144 1258; x_wconf 83' lang='lat' dir='ltr'><strong>ddrerbinm.</strong></span> <span class='ocrx_word' id='word_1_76' title='bbox 1190 1197 1280 1256; x_wconf 86' lang='lat' dir='ltr'><strong>Cuius</strong></span> <span class='ocrx_word' id='word_1_77' title='bbox 1308 1192 1556 1274; x_wconf 82' lang='lat' dir='ltr'><strong>significationis?</strong></span> 
     </span>
     <span class='ocr_line' id='line_1_12' title="bbox 255 1295 1591 1376; baseline -0.003 -18"><span class='ocrx_word' id='word_1_78' title='bbox 255 1298 310 1359; x_wconf 85' lang='lat' dir='ltr'><strong>llic</strong></span> <span class='ocrx_word' id='word_1_79' title='bbox 337 1297 522 1376; x_wconf 86' lang='lat' dir='ltr'><strong>temporalis,</strong></span> <span class='ocrx_word' id='word_1_80' title='bbox 558 1297 630 1357; x_wconf 89' lang='lat' dir='ltr'><strong>alias</strong></span> <span class='ocrx_word' id='word_1_81' title='bbox 656 1307 755 1358; x_wconf 88' lang='lat' dir='ltr'><strong>autem</strong></span> <span class='ocrx_word' id='word_1_82' title='bbox 784 1299 870 1358; x_wconf 88' lang='lat' dir='ltr'><strong>etiam</strong></span> <span class='ocrx_word' id='word_1_83' title='bbox 904 1297 1006 1358; x_wconf 89' lang='lat' dir='ltr'><strong>localis</strong></span> <span class='ocrx_word' id='word_1_84' title='bbox 1035 1307 1094 1373; x_wconf 88' lang='lat' dir='ltr'><strong>cst,</strong></span> <span class='ocrx_word' id='word_1_85' title='bbox 1129 1307 1160 1358; x_wconf 91' lang='lat' dir='ltr'><strong>ut</strong></span> <span class='ocrx_word' id='word_1_86' title='bbox 1191 1297 1372 1376; x_wconf 86' lang='lat' dir='ltr'><strong>l&#39;irgilius</strong></span> <span class='ocrx_word' id='word_1_87' title='bbox 1397 1297 1426 1356; x_wconf 91' lang='lat' dir='ltr'><strong>in</strong></span> <span class='ocrx_word' id='word_1_88' title='bbox 1454 1295 1591 1374; x_wconf 68' lang='lat' dir='ltr'><strong>prinam</strong></span> 
     </span>
     <span class='ocr_line' id='line_1_13' title="bbox 225 1377 1183 1464; baseline -0.014 -3"><span class='ocrx_word' id='word_1_89' title='bbox 225 1385 440 1464; x_wconf 75' lang='lat' dir='ltr'><strong>&#39;Aeneidos</strong></span> <span class='ocrx_word' id='word_1_90' title='bbox 1174 1377 1183 1388; x_wconf 64' lang='grc'><strong>’</strong></span> 
     </span>
     <span class='ocr_line' id='line_1_14' title="bbox 407 1500 1399 1580; baseline 0 -21"><span class='ocrx_word' id='word_1_91' title='bbox 407 1501 552 1561; x_wconf 87' lang='lat' dir='ltr'><strong>interea</strong></span> <span class='ocrx_word' id='word_1_92' title='bbox 574 1500 614 1562; x_wconf 88' lang='lat' dir='ltr'><strong>ad</strong></span> <span class='ocrx_word' id='word_1_93' title='bbox 644 1500 821 1580; x_wconf 87' lang='lat' dir='ltr'><strong>templum</strong></span> <span class='ocrx_word' id='word_1_94' title='bbox 850 1521 920 1562; x_wconf 91' lang='lat' dir='ltr'><strong>non</strong></span> <span class='ocrx_word' id='word_1_95' title='bbox 943 1519 1083 1578; x_wconf 84' lang='lat' dir='ltr'><strong>aequae</strong></span> <span class='ocrx_word' id='word_1_96' title='bbox 1107 1501 1399 1562; x_wconf 83' lang='lat' dir='ltr'><strong>Palladis&#39;ibant</strong></span> 
     </span>
     <span class='ocr_line' id='line_1_15' title="bbox 408 1600 1341 1683; baseline 0.002 -23"><span class='ocrx_word' id='word_1_97' title='bbox 408 1600 580 1662; x_wconf 80' lang='lat' dir='ltr'><strong>crinibus</strong></span> <span class='ocrx_word' id='word_1_98' title='bbox 601 1600 740 1662; x_wconf 89' lang='lat' dir='ltr'><strong>lliades</strong></span> <span class='ocrx_word' id='word_1_99' title='bbox 763 1602 888 1680; x_wconf 90' lang='lat' dir='ltr'><strong>passis</strong></span> <span class='ocrx_word' id='word_1_100' title='bbox 914 1603 1138 1683; x_wconf 83' lang='lat' dir='ltr'><strong>peplumque</strong></span> <span class='ocrx_word' id='word_1_101' title='bbox 1161 1603 1341 1664; x_wconf 80' lang='lat' dir='ltr'><strong>ferebant.</strong></span> 
     </span>
    </p>

    <p class='ocr_par' dir='ltr' id='par_1_5' title="bbox 186 1702 1590 2695">
     <span class='ocr_line' id='line_1_16' title="bbox 186 1702 1555 1783; baseline -0.007 -14"><span class='ocrx_word' id='word_1_102' title='bbox 186 1717 239 1770; x_wconf 75' lang='lat'><strong>200</strong></span> <span class='ocrx_word' id='word_1_103' title='bbox 258 1704 348 1766; x_wconf 83' lang='lat' dir='ltr'><strong>Cuius</strong></span> <span class='ocrx_word' id='word_1_104' title='bbox 370 1713 415 1763; x_wconf 90' lang='lat' dir='ltr'><strong>est</strong></span> <span class='ocrx_word' id='word_1_105' title='bbox 436 1702 566 1780; x_wconf 81' lang='lat' dir='ltr'><strong>dgrrrae‘l</strong></span> <span class='ocrx_word' id='word_1_106' title='bbox 596 1703 782 1783; x_wconf 85' lang='lat' dir='ltr'><strong>Compositac</strong></span> <span class='ocrx_word' id='word_1_107' title='bbox 808 1723 843 1762; x_wconf 85' lang='lat' dir='ltr'><strong>cx</strong></span> <span class='ocrx_word' id='word_1_108' title='bbox 866 1704 981 1766; x_wconf 88' lang='lat' dir='ltr'><strong>duobus</strong></span> <span class='ocrx_word' id='word_1_109' title='bbox 1004 1705 1139 1780; x_wconf 77' lang='lat' dir='ltr'><strong>integris,</strong></span> <span class='ocrx_word' id='word_1_110' title='bbox 1163 1705 1219 1764; x_wconf 86' lang='lat' dir='ltr'><strong>lroc</strong></span> <span class='ocrx_word' id='word_1_111' title='bbox 1239 1712 1285 1763; x_wconf 92' lang='lat' dir='ltr'><strong>est</strong></span> <span class='ocrx_word' id='word_1_112' title='bbox 1306 1723 1340 1763; x_wconf 85' lang='lat' dir='ltr'><strong>ex</strong></span> <span class='ocrx_word' id='word_1_113' title='bbox 1359 1702 1435 1762; x_wconf 88' lang='lat' dir='ltr'><strong>inter</strong></span> <span class='ocrx_word' id='word_1_114' title='bbox 1456 1710 1485 1760; x_wconf 92' lang='lat' dir='ltr'><strong>et</strong></span> <span class='ocrx_word' id='word_1_115' title='bbox 1508 1720 1555 1770; x_wconf 87' lang='lat' dir='ltr'><strong>ea,</strong></span> 
     </span>
     <span class='ocr_line' id='line_1_17' title="bbox 255 1803 1590 1885; baseline -0.003 -20"><span class='ocrx_word' id='word_1_116' title='bbox 255 1805 305 1884; x_wconf 81' lang='lat' dir='ltr'><strong>qui</strong></span> <span class='ocrx_word' id='word_1_117' title='bbox 327 1812 371 1864; x_wconf 84' lang='lat' dir='ltr'><strong>est</strong></span> <span class='ocrx_word' id='word_1_118' title='bbox 398 1803 540 1865; x_wconf 77' lang='lat' dir='ltr'><strong>ablativus</strong></span> <span class='ocrx_word' id='word_1_119' title='bbox 564 1805 720 1884; x_wconf 71' lang='lat' dir='ltr'><strong>paerfectos.</strong></span> <span class='ocrx_word' id='word_1_120' title='bbox 766 1805 863 1866; x_wconf 89' lang='lat' dir='ltr'><strong>solent</strong></span> <span class='ocrx_word' id='word_1_121' title='bbox 892 1815 988 1865; x_wconf 89' lang='lat' dir='ltr'><strong>antem</strong></span> <span class='ocrx_word' id='word_1_122' title='bbox 1014 1807 1150 1885; x_wconf 85' lang='lat' dir='ltr'><strong>componi</strong></span> <span class='ocrx_word' id='word_1_123' title='bbox 1173 1805 1288 1866; x_wconf 77' lang='lat' dir='ltr'><strong>ablativi</strong></span> <span class='ocrx_word' id='word_1_124' title='bbox 1311 1823 1378 1864; x_wconf 89' lang='lat' dir='ltr'><strong>cum</strong></span> <span class='ocrx_word' id='word_1_125' title='bbox 1399 1803 1590 1883; x_wconf 77' lang='lat' dir='ltr'><strong>praeposi-¹⁵</strong></span> 
     </span>
     <span class='ocr_line' id='line_1_18' title="bbox 256 1905 1557 1985; baseline -0.002 -20"><span class='ocrx_word' id='word_1_126' title='bbox 256 1905 385 1966; x_wconf 84' lang='lat' dir='ltr'><strong>tionibus</strong></span> <span class='ocrx_word' id='word_1_127' title='bbox 413 1923 486 1982; x_wconf 85' lang='lat' dir='ltr'><strong>qtrac</strong></span> <span class='ocrx_word' id='word_1_128' title='bbox 514 1906 601 1966; x_wconf 88' lang='lat' dir='ltr'><strong>etiarn</strong></span> <span class='ocrx_word' id='word_1_129' title='bbox 629 1906 797 1965; x_wconf 87' lang='lat' dir='ltr'><strong>accusativo</strong></span> <span class='ocrx_word' id='word_1_130' title='bbox 824 1907 983 1985; x_wconf 88' lang='lat' dir='ltr'><strong>separatim</strong></span> <span class='ocrx_word' id='word_1_131' title='bbox 1012 1907 1107 1968; x_wconf 87' lang='lat' dir='ltr'><strong>solent</strong></span> <span class='ocrx_word' id='word_1_132' title='bbox 1136 1907 1289 1982; x_wconf 85' lang='lat' dir='ltr'><strong>coniungi,</strong></span> <span class='ocrx_word' id='word_1_133' title='bbox 1315 1912 1346 1966; x_wconf 91' lang='lat' dir='ltr'><strong>ut</strong></span> <span class='ocrx_word' id='word_1_134' title='bbox 1373 1913 1557 1984; x_wconf 85' lang='lat' dir='ltr'><strong>qrtapropter</strong></span> 
     </span>
     <span class='ocr_line' id='line_1_19' title="bbox 257 2007 1555 2086; baseline -0.005 -17"><span class='ocrx_word' id='word_1_135' title='bbox 257 2008 394 2086; x_wconf 85' lang='lat' dir='ltr'><strong>quacirca</strong></span> <span class='ocrx_word' id='word_1_136' title='bbox 421 2017 571 2085; x_wconf 87' lang='lat' dir='ltr'><strong>praeterea</strong></span> <span class='ocrx_word' id='word_1_137' title='bbox 600 2015 772 2086; x_wconf 84' lang='lat' dir='ltr'><strong>propterea;</strong></span> <span class='ocrx_word' id='word_1_138' title='bbox 802 2008 845 2068; x_wconf 90' lang='lat' dir='ltr'><strong>sic</strong></span> <span class='ocrx_word' id='word_1_139' title='bbox 869 2009 954 2068; x_wconf 86' lang='lat' dir='ltr'><strong>etiam</strong></span> <span class='ocrx_word' id='word_1_140' title='bbox 983 2008 1103 2068; x_wconf 89' lang='lat' dir='ltr'><strong>interea.</strong></span> <span class='ocrx_word' id='word_1_141' title='bbox 1148 2009 1228 2070; x_wconf 88' lang='lat' dir='ltr'><strong>lnter</strong></span> <span class='ocrx_word' id='word_1_142' title='bbox 1249 2007 1426 2086; x_wconf 87' lang='lat' dir='ltr'><strong>primitivum</strong></span> <span class='ocrx_word' id='word_1_143' title='bbox 1449 2013 1494 2064; x_wconf 87' lang='lat' dir='ltr'><strong>est</strong></span> <span class='ocrx_word' id='word_1_144' title='bbox 1516 2023 1555 2064; x_wconf 86' lang='lat' dir='ltr'><strong>an</strong></span> 
     </span>
     <span class='ocr_line' id='line_1_20' title="bbox 257 2105 1557 2185; baseline 0 -19"><span class='ocrx_word' id='word_1_145' title='bbox 257 2107 468 2168; x_wconf 82' lang='lat' dir='ltr'><strong>doriratirum‘l</strong></span> <span class='ocrx_word' id='word_1_146' title='bbox 504 2107 546 2167; x_wconf 80' lang='lat' dir='ltr'><strong>db</strong></span> <span class='ocrx_word' id='word_1_147' title='bbox 565 2109 595 2169; x_wconf 90' lang='lat' dir='ltr'><strong>in</strong></span> <span class='ocrx_word' id='word_1_148' title='bbox 618 2109 766 2168; x_wconf 76' lang='lat' dir='ltr'><strong>derivatur</strong></span> <span class='ocrx_word' id='word_1_149' title='bbox 787 2108 879 2181; x_wconf 90' lang='lat' dir='ltr'><strong>inter,</strong></span> <span class='ocrx_word' id='word_1_150' title='bbox 902 2108 1050 2185; x_wconf 84' lang='lat' dir='ltr'><strong>quomodo</strong></span> <span class='ocrx_word' id='word_1_151' title='bbox 1070 2109 1106 2168; x_wconf 93' lang='lat' dir='ltr'><strong>ab</strong></span> <span class='ocrx_word' id='word_1_152' title='bbox 1131 2127 1165 2168; x_wconf 83' lang='lat' dir='ltr'><strong>ex</strong></span> <span class='ocrx_word' id='word_1_153' title='bbox 1187 2118 1267 2168; x_wconf 85' lang='lat' dir='ltr'><strong>ester</strong></span> <span class='ocrx_word' id='word_1_154' title='bbox 1289 2117 1318 2168; x_wconf 88' lang='lat' dir='ltr'><strong>et</strong></span> <span class='ocrx_word' id='word_1_155' title='bbox 1340 2128 1355 2168; x_wconf 93' lang='lat' dir='ltr'><strong>a</strong></span> <span class='ocrx_word' id='word_1_156' title='bbox 1378 2107 1433 2169; x_wconf 92' lang='lat' dir='ltr'><strong>sub</strong></span> <span class='ocrx_word' id='word_1_157' title='bbox 1452 2105 1557 2166; x_wconf 84' lang='lat' dir='ltr'><strong>subter</strong></span> 
     </span>
     <span class='ocr_line' id='line_1_21' title="bbox 258 2195 1557 2288; baseline -0.004 -19"><span class='ocrx_word' id='word_1_158' title='bbox 258 2219 288 2269; x_wconf 89' lang='lat' dir='ltr'><strong>et</strong></span> <span class='ocrx_word' id='word_1_159' title='bbox 309 2229 324 2270; x_wconf 91' lang='lat' dir='ltr'><strong>a</strong></span> <span class='ocrx_word' id='word_1_160' title='bbox 345 2211 381 2269; x_wconf 91' lang='lat' dir='ltr'><strong>de</strong></span> <span class='ocrx_word' id='word_1_161' title='bbox 399 2209 518 2285; x_wconf 88' lang='lat' dir='ltr'><strong>antique</strong></span> <span class='ocrx_word' id='word_1_162' title='bbox 542 2209 639 2281; x_wconf 79' lang='lat' dir='ltr'><strong>dotcr,</strong></span> <span class='ocrx_word' id='word_1_163' title='bbox 663 2209 742 2269; x_wconf 90' lang='lat' dir='ltr'><strong>unde</strong></span> <span class='ocrx_word' id='word_1_164' title='bbox 764 2219 794 2269; x_wconf 84' lang='lat' dir='ltr'><strong>et</strong></span> <span class='ocrx_word' id='word_1_165' title='bbox 814 2210 942 2269; x_wconf 82' lang='lat' dir='ltr'><strong>deterior</strong></span> <span class='ocrx_word' id='word_1_166' title='bbox 961 2210 1151 2283; x_wconf 85' lang='lat' dir='ltr'><strong>deterrimus,</strong></span> <span class='ocrx_word' id='word_1_167' title='bbox 1175 2195 1248 2288; x_wconf 68' lang='lat' dir='ltr'><strong>guae</strong></span> <span class='ocrx_word' id='word_1_168' title='bbox 1270 2219 1368 2269; x_wconf 87' lang='lat' dir='ltr'><strong>tamen</strong></span> <span class='ocrx_word' id='word_1_169' title='bbox 1392 2207 1440 2268; x_wconf 89' lang='lat' dir='ltr'><strong>alii</strong></span> <span class='ocrx_word' id='word_1_170' title='bbox 1464 2225 1479 2266; x_wconf 92' lang='lat' dir='ltr'><strong>a</strong></span> <span class='ocrx_word' id='word_1_171' title='bbox 1504 2207 1557 2265; x_wconf 84' lang='lat' dir='ltr'><strong>de-</strong></span> 
     </span>
     <span class='ocr_line' id='line_1_22' title="bbox 257 2300 1587 2389; baseline -0.004 -19"><span class='ocrx_word' id='word_1_172' title='bbox 257 2300 319 2371; x_wconf 78' lang='lat' dir='ltr'><strong>tero</strong></span> <span class='ocrx_word' id='word_1_173' title='bbox 350 2310 438 2369; x_wconf 81' lang='lat' dir='ltr'><strong>verbo</strong></span> <span class='ocrx_word' id='word_1_174' title='bbox 465 2309 541 2368; x_wconf 88' lang='lat' dir='ltr'><strong>lacta</strong></span> <span class='ocrx_word' id='word_1_175' title='bbox 569 2329 635 2370; x_wconf 87' lang='lat' dir='ltr'><strong>esse</strong></span> <span class='ocrx_word' id='word_1_176' title='bbox 661 2318 845 2388; x_wconf 80' lang='lat' dir='ltr'><strong>putaverunt.</strong></span> <span class='ocrx_word' id='word_1_177' title='bbox 891 2311 1038 2389; x_wconf 77' lang='lat' dir='ltr'><strong>rpttnmodo</strong></span> <span class='ocrx_word' id='word_1_178' title='bbox 1070 2321 1166 2373; x_wconf 83' lang='lat' dir='ltr'><strong>autent</strong></span> <span class='ocrx_word' id='word_1_179' title='bbox 1194 2312 1231 2371; x_wconf 89' lang='lat' dir='ltr'><strong>ab</strong></span> <span class='ocrx_word' id='word_1_180' title='bbox 1259 2320 1339 2372; x_wconf 83' lang='lat' dir='ltr'><strong>exter</strong></span> <span class='ocrx_word' id='word_1_181' title='bbox 1365 2319 1444 2370; x_wconf 81' lang='lat' dir='ltr'><strong>extra</strong></span> <span class='ocrx_word' id='word_1_182' title='bbox 1473 2317 1502 2367; x_wconf 89' lang='lat' dir='ltr'><strong>et</strong></span> <span class='ocrx_word' id='word_1_183' title='bbox 1532 2327 1587 2366; x_wconf 79' lang='lat' dir='ltr'><strong>aar</strong></span> 
     </span>
     <span class='ocr_line' id='line_1_23' title="bbox 259 2410 1556 2491; baseline -0.003 -19"><span class='ocrx_word' id='word_1_184' title='bbox 259 2431 349 2491; x_wconf 88' lang='lat' dir='ltr'><strong>super</strong></span> <span class='ocrx_word' id='word_1_185' title='bbox 370 2429 470 2489; x_wconf 92' lang='lat' dir='ltr'><strong>snpra,</strong></span> <span class='ocrx_word' id='word_1_186' title='bbox 499 2411 542 2470; x_wconf 90' lang='lat' dir='ltr'><strong>sic</strong></span> <span class='ocrx_word' id='word_1_187' title='bbox 563 2418 593 2469; x_wconf 85' lang='lat' dir='ltr'><strong>et</strong></span> <span class='ocrx_word' id='word_1_188' title='bbox 614 2411 650 2470; x_wconf 91' lang='lat' dir='ltr'><strong>ab</strong></span> <span class='ocrx_word' id='word_1_189' title='bbox 674 2412 751 2472; x_wconf 87' lang='lat' dir='ltr'><strong>inter</strong></span> <span class='ocrx_word' id='word_1_190' title='bbox 771 2413 856 2471; x_wconf 89' lang='lat' dir='ltr'><strong>intra.</strong></span> <span class='ocrx_word' id='word_1_191' title='bbox 903 2413 970 2473; x_wconf 86' lang='lat' dir='ltr'><strong>lrinc</strong></span> <span class='ocrx_word' id='word_1_192' title='bbox 994 2413 1070 2473; x_wconf 83' lang='lat' dir='ltr'><strong>iutro</strong></span> <span class='ocrx_word' id='word_1_193' title='bbox 1094 2422 1124 2472; x_wconf 86' lang='lat' dir='ltr'><strong>et</strong></span> <span class='ocrx_word' id='word_1_194' title='bbox 1145 2414 1232 2473; x_wconf 88' lang='lat' dir='ltr'><strong>intus.</strong></span> <span class='ocrx_word' id='word_1_195' title='bbox 1279 2423 1308 2472; x_wconf 91' lang='lat' dir='ltr'><strong>et</strong></span> <span class='ocrx_word' id='word_1_196' title='bbox 1329 2413 1404 2473; x_wconf 88' lang='lat' dir='ltr'><strong>intra</strong></span> <span class='ocrx_word' id='word_1_197' title='bbox 1436 2410 1556 2489; x_wconf 88' lang='lat' dir='ltr'><strong>quidem</strong></span> 
     </span>
     <span class='ocr_line' id='line_1_24' title="bbox 259 2511 1556 2594; baseline -0.004 -20"><span class='ocrx_word' id='word_1_198' title='bbox 259 2515 384 2594; x_wconf 88' lang='lat' dir='ltr'><strong>spatium</strong></span> <span class='ocrx_word' id='word_1_199' title='bbox 411 2512 550 2591; x_wconf 83' lang='lat' dir='ltr'><strong>temporis</strong></span> <span class='ocrx_word' id='word_1_200' title='bbox 576 2512 619 2571; x_wconf 87' lang='lat' dir='ltr'><strong>rel</strong></span> <span class='ocrx_word' id='word_1_201' title='bbox 644 2512 702 2572; x_wconf 88' lang='lat' dir='ltr'><strong>loci</strong></span> <span class='ocrx_word' id='word_1_202' title='bbox 730 2514 891 2588; x_wconf 77' lang='lat' dir='ltr'><strong>significat,</strong></span> <span class='ocrx_word' id='word_1_203' title='bbox 920 2513 996 2573; x_wconf 89' lang='lat' dir='ltr'><strong>intro</strong></span> <span class='ocrx_word' id='word_1_204' title='bbox 1026 2533 1093 2575; x_wconf 84' lang='lat' dir='ltr'><strong>roro</strong></span> <span class='ocrx_word' id='word_1_205' title='bbox 1122 2515 1158 2576; x_wconf 89' lang='lat' dir='ltr'><strong>ad</strong></span> <span class='ocrx_word' id='word_1_206' title='bbox 1183 2515 1295 2587; x_wconf 89' lang='lat' dir='ltr'><strong>locum,</strong></span> <span class='ocrx_word' id='word_1_207' title='bbox 1318 2515 1397 2573; x_wconf 90' lang='lat' dir='ltr'><strong>intus</strong></span> <span class='ocrx_word' id='word_1_208' title='bbox 1420 2511 1449 2571; x_wconf 89' lang='lat' dir='ltr'><strong>in</strong></span> <span class='ocrx_word' id='word_1_209' title='bbox 1471 2511 1556 2570; x_wconf 88' lang='lat' dir='ltr'><strong>luco:</strong></span> 
     </span>
     <span class='ocr_line' id='line_1_25' title="bbox 259 2613 1378 2695; baseline -0.001 -20"><span class='ocrx_word' id='word_1_210' title='bbox 259 2615 476 2695; x_wconf 74' lang='lat' dir='ltr'><strong>comparativus</strong></span> <span class='ocrx_word' id='word_1_211' title='bbox 498 2613 634 2685; x_wconf 85' lang='lat' dir='ltr'><strong>interior,</strong></span> <span class='ocrx_word' id='word_1_212' title='bbox 657 2615 853 2694; x_wconf 86' lang='lat' dir='ltr'><strong>superlativus</strong></span> <span class='ocrx_word' id='word_1_213' title='bbox 876 2615 1011 2687; x_wconf 89' lang='lat' dir='ltr'><strong>intimus,</strong></span> <span class='ocrx_word' id='word_1_214' title='bbox 1035 2615 1154 2677; x_wconf 83' lang='lat' dir='ltr'><strong>verbnm</strong></span> <span class='ocrx_word' id='word_1_215' title='bbox 1178 2618 1254 2677; x_wconf 90' lang='lat' dir='ltr'><strong>intro</strong></span> <span class='ocrx_word' id='word_1_216' title='bbox 1278 2615 1378 2675; x_wconf 87' lang='lat' dir='ltr'><strong>intras.</strong></span> 
     </span>
    </p>

    <p class='ocr_par' dir='ltr' id='par_1_6' title="bbox 190 2712 1589 4015">
     <span class='ocr_line' id='line_1_26' title="bbox 190 2712 1555 2798; baseline -0.002 -20"><span class='ocrx_word' id='word_1_217' title='bbox 190 2720 237 2770; x_wconf 77' lang='lat'><strong>201</strong></span> <span class='ocrx_word' id='word_1_218' title='bbox 345 2718 511 2793; x_wconf 81' lang='lat' dir='ltr'><strong>surgens</strong></span> <span class='ocrx_word' id='word_1_219' title='bbox 542 2734 616 2793; x_wconf 87' lang='lat' dir='ltr'><strong>quae</strong></span> <span class='ocrx_word' id='word_1_220' title='bbox 641 2736 711 2795; x_wconf 90' lang='lat' dir='ltr'><strong>pars</strong></span> <span class='ocrx_word' id='word_1_221' title='bbox 736 2717 876 2778; x_wconf 87' lang='lat' dir='ltr'><strong>orationis</strong></span> <span class='ocrx_word' id='word_1_222' title='bbox 902 2716 967 2777; x_wconf 78' lang='lat' dir='ltr'><strong>est?</strong></span> <span class='ocrx_word' id='word_1_223' title='bbox 999 2717 1185 2798; x_wconf 86' lang='lat' dir='ltr'><strong>Participiurn</strong></span> <span class='ocrx_word' id='word_1_224' title='bbox 1216 2718 1379 2797; x_wconf 84' lang='lat' dir='ltr'><strong>praesentis</strong></span> <span class='ocrx_word' id='word_1_225' title='bbox 1402 2712 1555 2794; x_wconf 88' lang='lat' dir='ltr'><strong>temporis,</strong></span> 
     </span>
     <span class='ocr_line' id='line_1_27' title="bbox 260 2818 1589 2891; baseline -0.007 -11"><span class='ocrx_word' id='word_1_226' title='bbox 260 2830 288 2881; x_wconf 89' lang='lat' dir='ltr'><strong>et</strong></span> <span class='ocrx_word' id='word_1_227' title='bbox 310 2820 339 2879; x_wconf 92' lang='lat' dir='ltr'><strong>in</strong></span> <span class='ocrx_word' id='word_1_228' title='bbox 360 2820 432 2879; x_wconf 78' lang='lat' dir='ltr'><strong>diras</strong></span> <span class='ocrx_word' id='word_1_229' title='bbox 455 2825 652 2879; x_wconf 85' lang='lat' dir='ltr'><strong>consonantes</strong></span> <span class='ocrx_word' id='word_1_230' title='bbox 675 2818 796 2891; x_wconf 87' lang='lat' dir='ltr'><strong>desinit,</strong></span> <span class='ocrx_word' id='word_1_231' title='bbox 817 2819 875 2879; x_wconf 88' lang='lat' dir='ltr'><strong>hoc</strong></span> <span class='ocrx_word' id='word_1_232' title='bbox 894 2826 940 2878; x_wconf 90' lang='lat' dir='ltr'><strong>est</strong></span> <span class='ocrx_word' id='word_1_233' title='bbox 961 2827 1077 2890; x_wconf 85' lang='lat' dir='ltr'><strong>acts,</strong></span> <span class='ocrx_word' id='word_1_234' title='bbox 1101 2829 1130 2879; x_wconf 92' lang='lat' dir='ltr'><strong>et</strong></span> <span class='ocrx_word' id='word_1_235' title='bbox 1151 2838 1307 2879; x_wconf 86' lang='lat' dir='ltr'><strong>commune</strong></span> <span class='ocrx_word' id='word_1_236' title='bbox 1323 2826 1369 2877; x_wconf 90' lang='lat' dir='ltr'><strong>cst</strong></span> <span class='ocrx_word' id='word_1_237' title='bbox 1392 2818 1479 2876; x_wconf 89' lang='lat' dir='ltr'><strong>trium</strong></span> <span class='ocrx_word' id='word_1_238' title='bbox 1503 2832 1589 2891; x_wconf 77' lang='lat' dir='ltr'><strong>ge-rs</strong></span> 
     </span>
     <span class='ocr_line' id='line_1_28' title="bbox 259 2909 1553 2992; baseline -0.005 -11"><span class='ocrx_word' id='word_1_239' title='bbox 259 2940 371 2981; x_wconf 81' lang='lat' dir='ltr'><strong>nerum.</strong></span> <span class='ocrx_word' id='word_1_240' title='bbox 418 2920 508 2981; x_wconf 80' lang='lat' dir='ltr'><strong>Catius</strong></span> <span class='ocrx_word' id='word_1_241' title='bbox 531 2927 575 2979; x_wconf 90' lang='lat' dir='ltr'><strong>est</strong></span> <span class='ocrx_word' id='word_1_242' title='bbox 597 2917 706 2979; x_wconf 82' lang='lat' dir='ltr'><strong>casus?</strong></span> <span class='ocrx_word' id='word_1_243' title='bbox 745 2920 920 2980; x_wconf 84' lang='lat' dir='ltr'><strong>Nominatiri</strong></span> <span class='ocrx_word' id='word_1_244' title='bbox 942 2928 970 2979; x_wconf 91' lang='lat' dir='ltr'><strong>ct</strong></span> <span class='ocrx_word' id='word_1_245' title='bbox 994 2921 1131 2992; x_wconf 77' lang='lat' dir='ltr'><strong>vocativi,</strong></span> <span class='ocrx_word' id='word_1_246' title='bbox 1154 2922 1202 2981; x_wconf 88' lang='lat' dir='ltr'><strong>hic</strong></span> <span class='ocrx_word' id='word_1_247' title='bbox 1223 2930 1318 2981; x_wconf 85' lang='lat' dir='ltr'><strong>aulem</strong></span> <span class='ocrx_word' id='word_1_248' title='bbox 1342 2919 1522 2988; x_wconf 80' lang='lat' dir='ltr'><strong>aluminatiri,</strong></span> <span class='ocrx_word' id='word_1_249' title='bbox 1549 2909 1553 2974; x_wconf 90' lang='lat' dir='ltr'><strong>l</strong></span> 
     </span>
     <span class='ocr_line' id='line_1_29' title="bbox 260 3020 1556 3101; baseline -0.004 -19"><span class='ocrx_word' id='word_1_250' title='bbox 260 3022 400 3101; x_wconf 85' lang='lat' dir='ltr'><strong>temporis</strong></span> <span class='ocrx_word' id='word_1_251' title='bbox 422 3021 602 3101; x_wconf 88' lang='lat' dir='ltr'><strong>praesentis,</strong></span> <span class='ocrx_word' id='word_1_252' title='bbox 632 3021 853 3097; x_wconf 82' lang='lat' dir='ltr'><strong>significationis</strong></span> <span class='ocrx_word' id='word_1_253' title='bbox 883 3031 1017 3093; x_wconf 87' lang='lat' dir='ltr'><strong>neutrae,</strong></span> <span class='ocrx_word' id='word_1_254' title='bbox 1041 3022 1335 3101; x_wconf 77' lang='lat' dir='ltr'><strong>soranae-perlectae,</strong></span> <span class='ocrx_word' id='word_1_255' title='bbox 1359 3020 1470 3080; x_wconf 86' lang='lat' dir='ltr'><strong>numeri</strong></span> <span class='ocrx_word' id='word_1_256' title='bbox 1495 3020 1556 3078; x_wconf 88' lang='lat' dir='ltr'><strong>sin·</strong></span> 
     </span>
     <span class='ocr_line' id='line_1_30' title="bbox 259 3122 1556 3201; baseline -0.003 -18"><span class='ocrx_word' id='word_1_257' title='bbox 259 3124 383 3199; x_wconf 77' lang='lat' dir='ltr'><strong>girlaris,</strong></span> <span class='ocrx_word' id='word_1_258' title='bbox 411 3127 520 3199; x_wconf 81' lang='lat' dir='ltr'><strong>figurae</strong></span> <span class='ocrx_word' id='word_1_259' title='bbox 542 3122 731 3201; x_wconf 87' lang='lat' dir='ltr'><strong>compositae.</strong></span> <span class='ocrx_word' id='word_1_260' title='bbox 777 3123 819 3183; x_wconf 84' lang='lat' dir='ltr'><strong>Er</strong></span> <span class='ocrx_word' id='word_1_261' title='bbox 843 3122 971 3201; x_wconf 79' lang='lat' dir='ltr'><strong>quibus?</strong></span> <span class='ocrx_word' id='word_1_262' title='bbox 1005 3124 1046 3183; x_wconf 82' lang='lat' dir='ltr'><strong>Ex</strong></span> <span class='ocrx_word' id='word_1_263' title='bbox 1069 3123 1184 3185; x_wconf 89' lang='lat' dir='ltr'><strong>duobus</strong></span> <span class='ocrx_word' id='word_1_264' title='bbox 1210 3123 1373 3201; x_wconf 87' lang='lat' dir='ltr'><strong>corruptis:</strong></span> <span class='ocrx_word' id='word_1_265' title='bbox 1402 3131 1460 3181; x_wconf 87' lang='lat' dir='ltr'><strong>tam</strong></span> <span class='ocrx_word' id='word_1_266' title='bbox 1490 3140 1556 3181; x_wconf 88' lang='lat' dir='ltr'><strong>snr-</strong></span> 
     </span>
     <span class='ocr_line' id='line_1_31' title="bbox 260 3220 1555 3303; baseline -0.003 -18"><span class='ocrx_word' id='word_1_267' title='bbox 260 3244 325 3285; x_wconf 89' lang='lat' dir='ltr'><strong>suur</strong></span> <span class='ocrx_word' id='word_1_268' title='bbox 355 3224 432 3283; x_wconf 87' lang='lat' dir='ltr'><strong>enirn</strong></span> <span class='ocrx_word' id='word_1_269' title='bbox 458 3241 544 3300; x_wconf 72' lang='lat' dir='ltr'><strong>(ruam</strong></span> <span class='ocrx_word' id='word_1_270' title='bbox 579 3242 649 3300; x_wconf 82' lang='lat' dir='ltr'><strong>rego</strong></span> <span class='ocrx_word' id='word_1_271' title='bbox 678 3233 815 3303; x_wconf 89' lang='lat' dir='ltr'><strong>corrupta</strong></span> <span class='ocrx_word' id='word_1_272' title='bbox 846 3234 923 3285; x_wconf 90' lang='lat' dir='ltr'><strong>sunt.</strong></span> <span class='ocrx_word' id='word_1_273' title='bbox 969 3236 1000 3285; x_wconf 88' lang='lat' dir='ltr'><strong>ct</strong></span> <span class='ocrx_word' id='word_1_274' title='bbox 1028 3225 1188 3285; x_wconf 86' lang='lat' dir='ltr'><strong>notandum</strong></span> <span class='ocrx_word' id='word_1_275' title='bbox 1218 3232 1277 3297; x_wconf 80' lang='lat' dir='ltr'><strong>est,</strong></span> <span class='ocrx_word' id='word_1_276' title='bbox 1311 3223 1405 3300; x_wconf 86' lang='lat' dir='ltr'><strong>quod,</strong></span> <span class='ocrx_word' id='word_1_277' title='bbox 1434 3240 1500 3281; x_wconf 89' lang='lat' dir='ltr'><strong>curn</strong></span> <span class='ocrx_word' id='word_1_278' title='bbox 1526 3220 1555 3281; x_wconf 87' lang='lat' dir='ltr'><strong>iu</strong></span> 
     </span>
     <span class='ocr_line' id='line_1_32' title="bbox 259 3318 1589 3406; baseline -0.004 -21"><span class='ocrx_word' id='word_1_279' title='bbox 259 3325 406 3405; x_wconf 80' lang='lat' dir='ltr'><strong>praesenti</strong></span> <span class='ocrx_word' id='word_1_280' title='bbox 430 3343 464 3383; x_wconf 87' lang='lat' dir='ltr'><strong>ex</strong></span> <span class='ocrx_word' id='word_1_281' title='bbox 485 3323 600 3385; x_wconf 91' lang='lat' dir='ltr'><strong>duobus</strong></span> <span class='ocrx_word' id='word_1_282' title='bbox 624 3326 769 3404; x_wconf 87' lang='lat' dir='ltr'><strong>corruptis</strong></span> <span class='ocrx_word' id='word_1_283' title='bbox 792 3318 844 3399; x_wconf 87' lang='lat' dir='ltr'><strong>sit,</strong></span> <span class='ocrx_word' id='word_1_284' title='bbox 869 3326 898 3387; x_wconf 89' lang='lat' dir='ltr'><strong>in</strong></span> <span class='ocrx_word' id='word_1_285' title='bbox 921 3330 1079 3406; x_wconf 86' lang='lat' dir='ltr'><strong>praeterito</strong></span> <span class='ocrx_word' id='word_1_286' title='bbox 1100 3345 1134 3384; x_wconf 81' lang='lat' dir='ltr'><strong>cx</strong></span> <span class='ocrx_word' id='word_1_287' title='bbox 1157 3334 1295 3404; x_wconf 79' lang='lat' dir='ltr'><strong>cortrrptn</strong></span> <span class='ocrx_word' id='word_1_288' title='bbox 1319 3332 1348 3385; x_wconf 88' lang='lat' dir='ltr'><strong>et</strong></span> <span class='ocrx_word' id='word_1_289' title='bbox 1368 3324 1483 3401; x_wconf 86' lang='lat' dir='ltr'><strong>integro</strong></span> <span class='ocrx_word' id='word_1_290' title='bbox 1507 3324 1589 3383; x_wconf 81' lang='lat' dir='ltr'><strong>in-:u</strong></span> 
     </span>
     <span class='ocr_line' id='line_1_33' title="bbox 260 3425 1555 3498; baseline -0.001 -13"><span class='ocrx_word' id='word_1_291' title='bbox 260 3428 386 3498; x_wconf 82' lang='lat' dir='ltr'><strong>venitur,</strong></span> <span class='ocrx_word' id='word_1_292' title='bbox 415 3426 537 3487; x_wconf 82' lang='lat' dir='ltr'><strong>surrexi.</strong></span> <span class='ocrx_word' id='word_1_293' title='bbox 582 3434 611 3485; x_wconf 85' lang='lat' dir='ltr'><strong>et</strong></span> <span class='ocrx_word' id='word_1_294' title='bbox 636 3426 727 3485; x_wconf 85' lang='lat' dir='ltr'><strong>rnrrlta</strong></span> <span class='ocrx_word' id='word_1_295' title='bbox 754 3428 943 3488; x_wconf 87' lang='lat' dir='ltr'><strong>inveniuntur</strong></span> <span class='ocrx_word' id='word_1_296' title='bbox 966 3428 1168 3488; x_wconf 87' lang='lat' dir='ltr'><strong>huiuscemodi</strong></span> <span class='ocrx_word' id='word_1_297' title='bbox 1197 3446 1254 3487; x_wconf 88' lang='lat' dir='ltr'><strong>non</strong></span> <span class='ocrx_word' id='word_1_298' title='bbox 1276 3427 1371 3487; x_wconf 89' lang='lat' dir='ltr'><strong>solnm</strong></span> <span class='ocrx_word' id='word_1_299' title='bbox 1394 3425 1480 3485; x_wconf 88' lang='lat' dir='ltr'><strong>rerba</strong></span> <span class='ocrx_word' id='word_1_300' title='bbox 1504 3426 1555 3485; x_wconf 91' lang='lat' dir='ltr'><strong>scd</strong></span> 
     </span>
     <span class='ocr_line' id='line_1_34' title="bbox 259 3526 1555 3610; baseline -0.002 -22"><span class='ocrx_word' id='word_1_301' title='bbox 259 3538 288 3589; x_wconf 87' lang='lat' dir='ltr'><strong>ct</strong></span> <span class='ocrx_word' id='word_1_302' title='bbox 311 3528 448 3600; x_wconf 85' lang='lat' dir='ltr'><strong>nomina,</strong></span> <span class='ocrx_word' id='word_1_303' title='bbox 473 3535 504 3588; x_wconf 91' lang='lat' dir='ltr'><strong>ut</strong></span> <span class='ocrx_word' id='word_1_304' title='bbox 525 3527 666 3588; x_wconf 87' lang='lat' dir='ltr'><strong>alteruter</strong></span> <span class='ocrx_word' id='word_1_305' title='bbox 694 3528 862 3589; x_wconf 85' lang='lat' dir='ltr'><strong>alterutrius</strong></span> <span class='ocrx_word' id='word_1_306' title='bbox 888 3531 916 3589; x_wconf 90' lang='lat' dir='ltr'><strong>in</strong></span> <span class='ocrx_word' id='word_1_307' title='bbox 941 3526 1135 3610; x_wconf 63' lang='lat' dir='ltr'><strong>nanrrinatiro</strong></span> <span class='ocrx_word' id='word_1_308' title='bbox 1160 3548 1195 3588; x_wconf 83' lang='lat' dir='ltr'><strong>ex</strong></span> <span class='ocrx_word' id='word_1_309' title='bbox 1215 3528 1330 3589; x_wconf 89' lang='lat' dir='ltr'><strong>dnobus</strong></span> <span class='ocrx_word' id='word_1_310' title='bbox 1357 3527 1479 3605; x_wconf 84' lang='lat' dir='ltr'><strong>integris</strong></span> <span class='ocrx_word' id='word_1_311' title='bbox 1500 3536 1555 3598; x_wconf 89' lang='lat' dir='ltr'><strong>cst,</strong></span> 
     </span>
     <span class='ocr_line' id='line_1_35' title="bbox 259 3628 1556 3708; baseline -0.002 -18"><span class='ocrx_word' id='word_1_312' title='bbox 259 3631 289 3691; x_wconf 88' lang='lat' dir='ltr'><strong>in</strong></span> <span class='ocrx_word' id='word_1_313' title='bbox 312 3630 445 3707; x_wconf 82' lang='lat' dir='ltr'><strong>genetivo</strong></span> <span class='ocrx_word' id='word_1_314' title='bbox 466 3649 501 3689; x_wconf 82' lang='lat' dir='ltr'><strong>ex</strong></span> <span class='ocrx_word' id='word_1_315' title='bbox 521 3637 661 3708; x_wconf 90' lang='lat' dir='ltr'><strong>corrupto</strong></span> <span class='ocrx_word' id='word_1_316' title='bbox 685 3636 714 3689; x_wconf 89' lang='lat' dir='ltr'><strong>et</strong></span> <span class='ocrx_word' id='word_1_317' title='bbox 733 3630 862 3707; x_wconf 85' lang='lat' dir='ltr'><strong>integro:</strong></span> <span class='ocrx_word' id='word_1_318' title='bbox 886 3631 963 3691; x_wconf 89' lang='lat' dir='ltr'><strong>idern</strong></span> <span class='ocrx_word' id='word_1_319' title='bbox 980 3630 1109 3691; x_wconf 83' lang='lat' dir='ltr'><strong>eiusdem</strong></span> <span class='ocrx_word' id='word_1_320' title='bbox 1131 3630 1160 3690; x_wconf 92' lang='lat' dir='ltr'><strong>in</strong></span> <span class='ocrx_word' id='word_1_321' title='bbox 1182 3630 1359 3690; x_wconf 87' lang='lat' dir='ltr'><strong>nominativo</strong></span> <span class='ocrx_word' id='word_1_322' title='bbox 1382 3648 1416 3689; x_wconf 82' lang='lat' dir='ltr'><strong>ex</strong></span> <span class='ocrx_word' id='word_1_323' title='bbox 1439 3628 1556 3688; x_wconf 87' lang='lat' dir='ltr'><strong>duobus</strong></span> 
     </span>
     <span class='ocr_line' id='line_1_36' title="bbox 260 3730 1555 3812; baseline -0.002 -21"><span class='ocrx_word' id='word_1_324' title='bbox 260 3730 405 3809; x_wconf 90' lang='lat' dir='ltr'><strong>corruptis</strong></span> <span class='ocrx_word' id='word_1_325' title='bbox 433 3737 492 3801; x_wconf 87' lang='lat' dir='ltr'><strong>est,</strong></span> <span class='ocrx_word' id='word_1_326' title='bbox 521 3731 551 3789; x_wconf 89' lang='lat' dir='ltr'><strong>in</strong></span> <span class='ocrx_word' id='word_1_327' title='bbox 573 3733 707 3807; x_wconf 82' lang='lat' dir='ltr'><strong>genetivo</strong></span> <span class='ocrx_word' id='word_1_328' title='bbox 729 3751 764 3791; x_wconf 80' lang='lat' dir='ltr'><strong>ex</strong></span> <span class='ocrx_word' id='word_1_329' title='bbox 786 3732 900 3810; x_wconf 84' lang='lat' dir='ltr'><strong>integro</strong></span> <span class='ocrx_word' id='word_1_330' title='bbox 923 3741 951 3793; x_wconf 89' lang='lat' dir='ltr'><strong>et</strong></span> <span class='ocrx_word' id='word_1_331' title='bbox 976 3740 1131 3812; x_wconf 83' lang='lat' dir='ltr'><strong>corrupto:</strong></span> <span class='ocrx_word' id='word_1_332' title='bbox 1156 3748 1229 3809; x_wconf 85' lang='lat' dir='ltr'><strong>cogo</strong></span> <span class='ocrx_word' id='word_1_333' title='bbox 1253 3732 1334 3808; x_wconf 86' lang='lat' dir='ltr'><strong>coegi</strong></span> <span class='ocrx_word' id='word_1_334' title='bbox 1353 3732 1382 3791; x_wconf 92' lang='lat' dir='ltr'><strong>in</strong></span> <span class='ocrx_word' id='word_1_335' title='bbox 1405 3730 1555 3809; x_wconf 88' lang='lat' dir='ltr'><strong>praesenti</strong></span> 
     </span>
     <span class='ocr_line' id='line_1_37' title="bbox 260 3831 1586 3912; baseline -0.002 -21"><span class='ocrx_word' id='word_1_336' title='bbox 260 3852 296 3893; x_wconf 79' lang='lat' dir='ltr'><strong>cx</strong></span> <span class='ocrx_word' id='word_1_337' title='bbox 322 3831 437 3893; x_wconf 90' lang='lat' dir='ltr'><strong>duobus</strong></span> <span class='ocrx_word' id='word_1_338' title='bbox 467 3832 613 3910; x_wconf 87' lang='lat' dir='ltr'><strong>corruptis</strong></span> <span class='ocrx_word' id='word_1_339' title='bbox 638 3841 698 3905; x_wconf 89' lang='lat' dir='ltr'><strong>est,</strong></span> <span class='ocrx_word' id='word_1_340' title='bbox 721 3834 751 3892; x_wconf 94' lang='lat' dir='ltr'><strong>in</strong></span> <span class='ocrx_word' id='word_1_341' title='bbox 779 3834 935 3911; x_wconf 91' lang='lat' dir='ltr'><strong>praeterito</strong></span> <span class='ocrx_word' id='word_1_342' title='bbox 969 3835 1099 3912; x_wconf 89' lang='lat' dir='ltr'><strong>perlecto</strong></span> <span class='ocrx_word' id='word_1_343' title='bbox 1128 3852 1162 3893; x_wconf 81' lang='lat' dir='ltr'><strong>er</strong></span> <span class='ocrx_word' id='word_1_344' title='bbox 1191 3841 1329 3912; x_wconf 70' lang='lat' dir='ltr'><strong>caomtrpto</strong></span> <span class='ocrx_word' id='word_1_345' title='bbox 1357 3840 1386 3890; x_wconf 90' lang='lat' dir='ltr'><strong>ct</strong></span> <span class='ocrx_word' id='word_1_346' title='bbox 1421 3832 1586 3908; x_wconf 78' lang='lat' dir='ltr'><strong>integrotu</strong></span> 
     </span>
     <span class='ocr_line' id='line_1_38' title="bbox 260 3932 1555 4015; baseline -0.001 -21"><span class='ocrx_word' id='word_1_347' title='bbox 260 3951 350 4013; x_wconf 79' lang='lat' dir='ltr'><strong>pergo</strong></span> <span class='ocrx_word' id='word_1_348' title='bbox 373 3932 487 4011; x_wconf 84' lang='lat' dir='ltr'><strong>perrexi</strong></span> <span class='ocrx_word' id='word_1_349' title='bbox 509 3933 707 4012; x_wconf 85' lang='lat' dir='ltr'><strong>inpraesenti</strong></span> <span class='ocrx_word' id='word_1_350' title='bbox 730 3952 765 3995; x_wconf 83' lang='lat' dir='ltr'><strong>ex</strong></span> <span class='ocrx_word' id='word_1_351' title='bbox 788 3935 901 4012; x_wconf 85' lang='lat' dir='ltr'><strong>integro</strong></span> <span class='ocrx_word' id='word_1_352' title='bbox 928 3943 974 3996; x_wconf 87' lang='lat' dir='ltr'><strong>est</strong></span> <span class='ocrx_word' id='word_1_353' title='bbox 996 3942 1025 3994; x_wconf 90' lang='lat' dir='ltr'><strong>et</strong></span> <span class='ocrx_word' id='word_1_354' title='bbox 1047 3944 1203 4015; x_wconf 88' lang='lat' dir='ltr'><strong>corrupto,</strong></span> <span class='ocrx_word' id='word_1_355' title='bbox 1225 3935 1255 3994; x_wconf 91' lang='lat' dir='ltr'><strong>in</strong></span> <span class='ocrx_word' id='word_1_356' title='bbox 1278 3934 1436 4013; x_wconf 88' lang='lat' dir='ltr'><strong>praeterito</strong></span> <span class='ocrx_word' id='word_1_357' title='bbox 1459 3941 1555 3993; x_wconf 82' lang='lat' dir='ltr'><strong>autent</strong></span> 
     </span>
    </p>

    <p class='ocr_par' dir='ltr' id='par_1_7' title="bbox 192 4034 1556 4218">
     <span class='ocr_line' id='line_1_39' title="bbox 192 4034 1555 4118; baseline 0.001 -27"><span class='ocrx_word' id='word_1_358' title='bbox 192 4042 243 4093; x_wconf 73' lang='lat'><strong>202</strong></span> <span class='ocrx_word' id='word_1_359' title='bbox 263 4056 296 4097; x_wconf 77' lang='lat' dir='ltr'><strong>ex</strong></span> <span class='ocrx_word' id='word_1_360' title='bbox 326 4034 442 4096; x_wconf 89' lang='lat' dir='ltr'><strong>duobus</strong></span> <span class='ocrx_word' id='word_1_361' title='bbox 472 4034 602 4113; x_wconf 82' lang='lat' dir='ltr'><strong>integris.</strong></span> <span class='ocrx_word' id='word_1_362' title='bbox 646 4035 766 4096; x_wconf 88' lang='lat' dir='ltr'><strong>Decliua</strong></span> <span class='ocrx_word' id='word_1_363' title='bbox 795 4036 917 4097; x_wconf 89' lang='lat' dir='ltr'><strong>verbum</strong></span> <span class='ocrx_word' id='word_1_364' title='bbox 950 4035 1052 4118; x_wconf 89' lang='lat' dir='ltr'><strong>[cius].</strong></span> <span class='ocrx_word' id='word_1_365' title='bbox 1095 4037 1252 4098; x_wconf 82' lang='lat' dir='ltr'><strong>lodic-alirn</strong></span> <span class='ocrx_word' id='word_1_366' title='bbox 1281 4054 1370 4113; x_wconf 81' lang='lat' dir='ltr'><strong>surgo</strong></span> <span class='ocrx_word' id='word_1_367' title='bbox 1400 4034 1555 4111; x_wconf 81' lang='lat' dir='ltr'><strong>surgebam</strong></span> 
     </span>
     <span class='ocr_line' id='line_1_40' title="bbox 259 4136 1556 4218; baseline -0.003 -19"><span class='ocrx_word' id='word_1_368' title='bbox 259 4138 371 4199; x_wconf 81' lang='lat' dir='ltr'><strong>surrexi</strong></span> <span class='ocrx_word' id='word_1_369' title='bbox 394 4154 576 4197; x_wconf 84' lang='lat' dir='ltr'><strong>surrexeram</strong></span> <span class='ocrx_word' id='word_1_370' title='bbox 598 4154 733 4215; x_wconf 80' lang='lat' dir='ltr'><strong>surgam3</strong></span> <span class='ocrx_word' id='word_1_371' title='bbox 754 4138 925 4217; x_wconf 88' lang='lat' dir='ltr'><strong>imperativo</strong></span> <span class='ocrx_word' id='word_1_372' title='bbox 948 4158 1036 4218; x_wconf 87' lang='lat' dir='ltr'><strong>surge</strong></span> <span class='ocrx_word' id='word_1_373' title='bbox 1059 4146 1161 4217; x_wconf 85' lang='lat' dir='ltr'><strong>surgat</strong></span> <span class='ocrx_word' id='word_1_374' title='bbox 1180 4156 1335 4216; x_wconf 83' lang='lat' dir='ltr'><strong>surgamus</strong></span> <span class='ocrx_word' id='word_1_375' title='bbox 1356 4136 1468 4214; x_wconf 85' lang='lat' dir='ltr'><strong>surgite</strong></span> <span class='ocrx_word' id='word_1_376' title='bbox 1491 4154 1556 4195; x_wconf 88' lang='lat' dir='ltr'><strong>sur-</strong></span> 
     </span>
    </p>
   </div>
   <div class='ocr_carea' id='block_1_4' title="bbox 259 4389 1604 4735">
    <p class='ocr_par' dir='ltr' id='par_1_8' title="bbox 259 4389 1604 4735">
     <span class='ocr_line' id='line_1_41' title="bbox 350 4389 1556 4459; baseline -0.001 -19"><span class='ocrx_word' id='word_1_377' title='bbox 350 4389 381 4440; x_wconf 87' lang='lat'><strong>10</strong></span> <span class='ocrx_word' id='word_1_378' title='bbox 397 4390 461 4440; x_wconf 84' lang='lat' dir='ltr'><strong>alins</strong></span> <span class='ocrx_word' id='word_1_379' title='bbox 479 4395 504 4442; x_wconf 86' lang='lat' dir='ltr'><strong>ia</strong></span> <span class='ocrx_word' id='word_1_380' title='bbox 523 4392 601 4441; x_wconf 80' lang='lat' dir='ltr'><strong>litura</strong></span> <span class='ocrx_word' id='word_1_381' title='bbox 618 4390 639 4440; x_wconf 89' lang='lat' dir='ltr'><em>S</em></span> <span class='ocrx_word' id='word_1_382' title='bbox 658 4390 707 4441; x_wconf 90' lang='lat' dir='ltr'><strong>hoc</strong></span> <span class='ocrx_word' id='word_1_383' title='bbox 726 4393 768 4443; x_wconf 74' lang='lat'><strong>06</strong></span> <span class='ocrx_word' id='word_1_384' title='bbox 843 4394 869 4441; x_wconf 90' lang='lat' dir='ltr'><strong>in</strong></span> <span class='ocrx_word' id='word_1_385' title='bbox 888 4394 969 4459; x_wconf 87' lang='lat' dir='ltr'><strong>primo</strong></span> <span class='ocrx_word' id='word_1_386' title='bbox 986 4390 1127 4456; x_wconf 78' lang='lat' dir='ltr'><strong>Aeneidos]</strong></span> <span class='ocrx_word' id='word_1_387' title='bbox 1148 4409 1171 4441; x_wconf 87' lang='lat' dir='ltr'><strong>n.</strong></span> <span class='ocrx_word' id='word_1_388' title='bbox 1189 4390 1241 4443; x_wconf 80' lang='lat'><strong>479</strong></span> <span class='ocrx_word' id='word_1_389' title='bbox 1331 4391 1360 4440; x_wconf 86' lang='lat' dir='ltr'><strong>ll</strong></span> <span class='ocrx_word' id='word_1_390' title='bbox 1379 4392 1497 4453; x_wconf 77' lang='lat' dir='ltr'><strong>quocirca</strong></span> <span class='ocrx_word' id='word_1_391' title='bbox 1516 4390 1556 4441; x_wconf 82' lang='lat' dir='ltr'><strong>CG</strong></span> 
     </span>
     <span class='ocr_line' id='line_1_42' title="bbox 260 4460 1604 4525; baseline -0.001 -16"><span class='ocrx_word' id='word_1_392' title='bbox 260 4464 378 4525; x_wconf 73' lang='lat' dir='ltr'><strong>orrorirca</strong></span> <span class='ocrx_word' id='word_1_393' title='bbox 395 4460 415 4509; x_wconf 88' lang='lat' dir='ltr'><em>S</em></span> <span class='ocrx_word' id='word_1_394' title='bbox 503 4462 535 4511; x_wconf 82' lang='lat'><strong>18</strong></span> <span class='ocrx_word' id='word_1_395' title='bbox 553 4463 584 4511; x_wconf 89' lang='lat' dir='ltr'><strong>ab</strong></span> <span class='ocrx_word' id='word_1_396' title='bbox 602 4477 635 4511; x_wconf 83' lang='lat' dir='ltr'><strong>ex</strong></span> <span class='ocrx_word' id='word_1_397' title='bbox 655 4472 726 4511; x_wconf 82' lang='lat' dir='ltr'><strong>exter</strong></span> <span class='ocrx_word' id='word_1_398' title='bbox 747 4462 768 4510; x_wconf 83' lang='lat' dir='ltr'><em>G</em></span> <span class='ocrx_word' id='word_1_399' title='bbox 786 4462 818 4509; x_wconf 85' lang='lat' dir='ltr'><strong>ab</strong></span> <span class='ocrx_word' id='word_1_400' title='bbox 837 4478 870 4511; x_wconf 84' lang='lat' dir='ltr'><strong>ex</strong></span> <span class='ocrx_word' id='word_1_401' title='bbox 888 4472 961 4512; x_wconf 76' lang='lat' dir='ltr'><strong>extra</strong></span> <span class='ocrx_word' id='word_1_402' title='bbox 977 4462 1017 4514; x_wconf 82' lang='lat' dir='ltr'><strong>OS</strong></span> <span class='ocrx_word' id='word_1_403' title='bbox 1104 4464 1138 4512; x_wconf 78' lang='lat'><strong>‘20</strong></span> <span class='ocrx_word' id='word_1_404' title='bbox 1156 4464 1275 4510; x_wconf 78' lang='lat' dir='ltr'><strong>tab-exter</strong></span> <span class='ocrx_word' id='word_1_405' title='bbox 1294 4460 1336 4511; x_wconf 81' lang='lat' dir='ltr'><strong>GS</strong></span> <span class='ocrx_word' id='word_1_406' title='bbox 1352 4460 1383 4509; x_wconf 91' lang='lat' dir='ltr'><strong>ab</strong></span> <span class='ocrx_word' id='word_1_407' title='bbox 1401 4476 1434 4509; x_wconf 86' lang='lat' dir='ltr'><strong>ex</strong></span> <span class='ocrx_word' id='word_1_408' title='bbox 1453 4460 1473 4508; x_wconf 82' lang='lat' dir='ltr'><strong><em>U</em></strong></span> <span class='ocrx_word' id='word_1_409' title='bbox 1602 4480 1604 4485; x_wconf 59' lang='lat'><strong><em>¹</em></strong></span> 
     </span>
     <span class='ocr_line' id='line_1_43' title="bbox 260 4528 1555 4583; baseline -0.003 -3"><span class='ocrx_word' id='word_1_410' title='bbox 260 4535 291 4580; x_wconf 82' lang='lat'><strong>21</strong></span> <span class='ocrx_word' id='word_1_411' title='bbox 314 4531 351 4580; x_wconf 85' lang='lat' dir='ltr'><strong>sie</strong></span> <span class='ocrx_word' id='word_1_412' title='bbox 368 4531 399 4578; x_wconf 85' lang='lat' dir='ltr'><strong>ab</strong></span> <span class='ocrx_word' id='word_1_413' title='bbox 417 4532 482 4581; x_wconf 85' lang='lat' dir='ltr'><strong>inter</strong></span> <span class='ocrx_word' id='word_1_414' title='bbox 500 4541 524 4579; x_wconf 89' lang='lat' dir='ltr'><strong>et</strong></span> <span class='ocrx_word' id='word_1_415' title='bbox 546 4532 611 4579; x_wconf 88' lang='lat' dir='ltr'><strong>iutra</strong></span> <span class='ocrx_word' id='word_1_416' title='bbox 629 4532 649 4580; x_wconf 81' lang='lat' dir='ltr'><em>C</em></span> <span class='ocrx_word' id='word_1_417' title='bbox 669 4533 707 4579; x_wconf 88' lang='lat' dir='ltr'><strong>sic</strong></span> <span class='ocrx_word' id='word_1_418' title='bbox 722 4532 754 4581; x_wconf 84' lang='lat' dir='ltr'><strong>ab</strong></span> <span class='ocrx_word' id='word_1_419' title='bbox 773 4532 838 4579; x_wconf 89' lang='lat' dir='ltr'><strong>inter</strong></span> <span class='ocrx_word' id='word_1_420' title='bbox 860 4533 926 4580; x_wconf 85' lang='lat' dir='ltr'><strong>iutra</strong></span> <span class='ocrx_word' id='word_1_421' title='bbox 945 4533 966 4583; x_wconf 84' lang='lat' dir='ltr'><strong><em>G</em></strong></span> <span class='ocrx_word' id='word_1_422' title='bbox 985 4533 1021 4581; x_wconf 88' lang='lat' dir='ltr'><strong>sic</strong></span> <span class='ocrx_word' id='word_1_423' title='bbox 1040 4532 1070 4583; x_wconf 85' lang='lat' dir='ltr'><strong>ab</strong></span> <span class='ocrx_word' id='word_1_424' title='bbox 1091 4533 1116 4581; x_wconf 91' lang='lat' dir='ltr'><strong>in</strong></span> <span class='ocrx_word' id='word_1_425' title='bbox 1134 4532 1201 4581; x_wconf 81' lang='lat' dir='ltr'><strong>inter</strong></span> <span class='ocrx_word' id='word_1_426' title='bbox 1220 4540 1243 4579; x_wconf 91' lang='lat' dir='ltr'><strong>et</strong></span> <span class='ocrx_word' id='word_1_427' title='bbox 1263 4530 1329 4581; x_wconf 85' lang='lat' dir='ltr'><strong>intra</strong></span> <span class='ocrx_word' id='word_1_428' title='bbox 1346 4528 1366 4578; x_wconf 85' lang='lat' dir='ltr'><em>S</em></span> <span class='ocrx_word' id='word_1_429' title='bbox 1455 4530 1489 4579; x_wconf 70' lang='lat'><strong>28</strong></span> <span class='ocrx_word' id='word_1_430' title='bbox 1507 4530 1555 4578; x_wconf 90' lang='lat' dir='ltr'><strong>iam</strong></span> 
     </span>
     <span class='ocr_line' id='line_1_44' title="bbox 259 4598 1556 4664; baseline -0.002 -15"><span class='ocrx_word' id='word_1_431' title='bbox 259 4616 304 4649; x_wconf 83' lang='lat' dir='ltr'><strong>sur</strong></span> <span class='ocrx_word' id='word_1_432' title='bbox 322 4601 387 4648; x_wconf 86' lang='lat' dir='ltr'><strong>eninr</strong></span> <span class='ocrx_word' id='word_1_433' title='bbox 403 4615 478 4663; x_wconf 87' lang='lat' dir='ltr'><strong>qnam</strong></span> <span class='ocrx_word' id='word_1_434' title='bbox 493 4614 527 4664; x_wconf 80' lang='lat' dir='ltr'><strong>go</strong></span> <span class='ocrx_word' id='word_1_435' title='bbox 549 4602 572 4649; x_wconf 86' lang='lat' dir='ltr'><em>L</em></span> <span class='ocrx_word' id='word_1_436' title='bbox 643 4616 731 4651; x_wconf 86' lang='lat' dir='ltr'><strong>susum</strong></span> <span class='ocrx_word' id='word_1_437' title='bbox 747 4602 768 4651; x_wconf 82' lang='lat' dir='ltr'><em>G</em></span> <span class='ocrx_word' id='word_1_438' title='bbox 839 4603 872 4649; x_wconf 72' lang='lat' dir='ltr'><strong>ab</strong></span> <span class='ocrx_word' id='word_1_439' title='bbox 891 4610 915 4649; x_wconf 91' lang='lat' dir='ltr'><strong>et</strong></span> <span class='ocrx_word' id='word_1_440' title='bbox 934 4602 1071 4651; x_wconf 86' lang='lat' dir='ltr'><strong>notandum</strong></span> <span class='ocrx_word' id='word_1_441' title='bbox 1092 4601 1216 4663; x_wconf 76' lang='lat' dir='ltr'><strong>(notando</strong></span> <span class='ocrx_word' id='word_1_442' title='bbox 1233 4600 1264 4661; x_wconf 83' lang='lat'><strong>0)</strong></span> <span class='ocrx_word' id='word_1_443' title='bbox 1284 4608 1322 4649; x_wconf 85' lang='lat' dir='ltr'><strong>ost</strong></span> <span class='ocrx_word' id='word_1_444' title='bbox 1338 4600 1404 4649; x_wconf 88' lang='lat' dir='ltr'><strong>enim</strong></span> <span class='ocrx_word' id='word_1_445' title='bbox 1425 4600 1492 4662; x_wconf 85' lang='lat' dir='ltr'><strong>quod</strong></span> <span class='ocrx_word' id='word_1_446' title='bbox 1512 4598 1556 4648; x_wconf 81' lang='lat' dir='ltr'><strong>GG</strong></span> 
     </span>
     <span class='ocr_line' id='line_1_45' title="bbox 261 4668 1555 4735; baseline -0.001 -19"><span class='ocrx_word' id='word_1_447' title='bbox 261 4670 397 4717; x_wconf 87' lang='lat' dir='ltr'><strong>notandum</strong></span> <span class='ocrx_word' id='word_1_448' title='bbox 423 4671 489 4717; x_wconf 83' lang='lat' dir='ltr'><strong>eninr</strong></span> <span class='ocrx_word' id='word_1_449' title='bbox 514 4668 621 4731; x_wconf 78' lang='lat' dir='ltr'><strong>quous</strong></span> <span class='ocrx_word' id='word_1_450' title='bbox 705 4672 739 4722; x_wconf 83' lang='lat'><strong>30</strong></span> <span class='ocrx_word' id='word_1_451' title='bbox 764 4685 796 4719; x_wconf 86' lang='lat' dir='ltr'><strong>cx</strong></span> <span class='ocrx_word' id='word_1_452' title='bbox 815 4679 934 4735; x_wconf 88' lang='lat' dir='ltr'><strong>corrupto</strong></span> <span class='ocrx_word' id='word_1_453' title='bbox 955 4680 979 4720; x_wconf 87' lang='lat' dir='ltr'><strong>et</strong></span> <span class='ocrx_word' id='word_1_454' title='bbox 1000 4668 1140 4735; x_wconf 81' lang='lat' dir='ltr'><strong>integroS</strong></span> <span class='ocrx_word' id='word_1_455' title='bbox 1164 4685 1196 4722; x_wconf 84' lang='lat' dir='ltr'><strong>ex</strong></span> <span class='ocrx_word' id='word_1_456' title='bbox 1214 4670 1313 4734; x_wconf 82' lang='lat' dir='ltr'><strong>integro</strong></span> <span class='ocrx_word' id='word_1_457' title='bbox 1332 4676 1356 4717; x_wconf 92' lang='lat' dir='ltr'><strong>et</strong></span> <span class='ocrx_word' id='word_1_458' title='bbox 1377 4680 1495 4733; x_wconf 88' lang='lat' dir='ltr'><strong>corrupto</strong></span> <span class='ocrx_word' id='word_1_459' title='bbox 1515 4668 1555 4717; x_wconf 78' lang='lat'><strong>06</strong></span> 
     </span>
    </p>
   </div>
   <div class='ocr_carea' id='block_1_5' title="bbox 0 0 1709 5325">
    <p class='ocr_par' dir='ltr' id='par_1_9' title="bbox 0 0 1709 5325">
     <span class='ocr_line' id='line_1_46' title="bbox 0 0 1709 5325; baseline 0 0"><span class='ocrx_word' id='word_1_460' title='bbox 0 0 1709 5325; x_wconf 95' lang='lat' dir='ltr'><strong> </strong></span> 
     </span>
    </p>
   </div>
  </div>
 </body>
</html>
