3400 5325
239 274 449 357 tn'srtrvrto
473 274 522 335 ut:
546 273 693 334 NOllllNE
717 273 766 333 ET
789 272 1011 333 rueramus
1034 272 1083 333 ΕΤ
1106 272 1231 334 VEllBO
1254 282 1366 337 46—56
1410 272 1472 334 453

227 402 250 442 p.
262 389 385 430 talevar.
780 433 783 440 ,
1269 388 1343 442 pau,
1360 388 1384 427 ιι
1393 387 1420 428 ιι.
1471 378 1477 390 ·

120 510 132 523 .
177 469 293 541 sumpta
311 479 393 535 mus,
416 461 486 521 faed
508 479 591 521 suam
615 461 738 539 primam
762 459 922 539 pluralem,
946 468 978 520 ut
1000 468 1077 520 amet
1091 456 1105 543 ll
1121 478 1268 534 amemus,
1293 460 1396 519 doceat
1419 458 1472 520 do·

177 582 311 636 eeamus,
331 563 407 639 legat
432 560 577 639 legamus,
602 561 699 621 audiat
719 560 888 630 audiamus:
910 561 1038 620 seevmda
1060 580 1127 622 vero
1147 560 1268 642 pluralis
1291 580 1306 621 a
1330 559 1470 639 singulari

178 684 230 725 sua
258 667 291 725 m
319 664 432 724 adiecta
457 671 486 722 te
509 662 634 741 syllaba,
659 670 688 722 ut
716 682 779 722 ama
803 670 913 733 amate,
942 662 1015 722 doce
1043 663 1161 735 docete,
1183 662 1247 739 lege
1276 662 1377 740 legite,
1402 662 1468 723 audi

177 766 283 827 audite.
328 772 357 825 el
384 773 468 837 nota,
497 764 575 841 quod
601 763 631 823 in
661 762 744 822 tertia
772 762 976 841 coniugatione
1005 783 1021 823 e
1044 763 1154 836 finalis,
1183 780 1258 841 cquae
1281 763 1346 823 loco
1369 762 1376 823 i
1401 782 1466 823 eor·
1485 771 1519 821 52

152 875 277 948 amplae
300 866 432 946 ponitur,
456 864 485 923 in
505 863 611 943 plurali
633 882 756 924 numero
774 864 904 925 eiusdem
927 883 1071 943 personae
1090 865 1118 925 in
1141 864 1320 945 paenultima
1341 864 1416 938 loco,
1438 865 1468 925 in

106 1015 114 1033 .
177 988 235 1048 quo
257 968 325 1027 licet
347 968 355 1027 i
375 974 539 1046 correptam
556 964 695 1037 inveniri,
712 964 787 1025 redit
807 966 836 1026 in
858 966 882 1039 i,
904 965 967 1044 lege
986 966 1081 1044 legite.
1127 966 1211 1027 tertia
1234 974 1331 1027 autem
1348 965 1468 1046 pluralis

177 1068 338 1150 imperativi
361 1067 439 1130 modi
468 1067 497 1127 in
520 1067 598 1128 omui
622 1066 827 1145 coniugatione
855 1086 870 1127 a
899 1066 1038 1145 singulari
1061 1087 1113 1129 sua
1135 1070 1167 1129 tlt
1188 1068 1359 1147 interposita
1382 1087 1401 1128 ιι
1422 1068 1467 1127 lit·

177 1180 254 1245 tera,
282 1179 315 1231 ιιι
336 1177 414 1234 amet
436 1176 549 1242 ament,
574 1168 678 1228 doceat
698 1168 837 1242 doceant,
859 1166 937 1244 legat
957 1167 1074 1247 legant,
1097 1168 1195 1230 audiat
1217 1169 1344 1229 audiant.
1390 1170 1467 1229 futu-

176 1292 241 1334 rum
268 1270 431 1352 imperativi
463 1270 609 1331 secundae
641 1278 667 1329 et
693 1270 793 1330 tertiae
819 1288 964 1349 personae
993 1288 1148 1331 commune
1172 1278 1216 1331 est
1239 1277 1267 1329 et
1297 1271 1329 1330 at
1354 1269 1465 1329 adiecta

125 1360 323 1436 'resecandae
351 1390 495 1452 personae
529 1370 693 1451 praesentis
725 1372 865 1451 temporis
894 1380 925 1431 to
953 1371 1077 1450 syllaba,
1105 1379 1137 1432 ut
1163 1390 1227 1431 ama
1254 1380 1365 1445 amato,
1393 1371 1466 1431 dore

177 1476 297 1548 doceto,
318 1474 383 1552 lege
409 1473 513 1551 legito,
536 1472 603 1533 audi
627 1472 735 1533 audito.
780 1473 828 1534 hic
849 1491 967 1551 quoque
991 1473 1150 1541 notandum
1172 1480 1231 1545 est,
1255 1472 1332 1549 quod
1356 1490 1371 1531 e
1394 1472 1465 1531 tina·
1482 1484 1516 1535 53

172 1578 211 1639 lis
236 1577 264 1636 in
287 1577 296 1636 i
320 1574 396 1637 redit
420 1574 450 1634 in
473 1573 654 1653 paenultima·
679 1574 787 1653 syllaba
817 1582 939 1654 propter
966 1593 1053 1653 supra
1082 1574 1188 1634 dictam
1215 1572 1373 1637 rationem.
1402 1572 1466 1649 lege

175 1679 273 1757 legito.
306 1678 375 1740 huic
395 1675 536 1735 addentes
557 1684 594 1747 tc,
617 1676 755 1754 syllabam
787 1675 909 1735 facimus
935 1676 1093 1735 secundam
1123 1673 1279 1753 pluralem,
1313 1683 1345 1735 ut
1371 1682 1466 1733 amato

175 1788 316 1855 amatote,
344 1780 448 1839 doceto
478 1776 621 1837 docetote.
666 1778 750 1837 tertia
783 1795 850 1836 vero
876 1766 1002 1855 pluralis
1027 1776 1115 1837 fuuvri
1142 1775 1303 1855 imperativi
1334 1793 1350 1835 a
1382 1774 1464 1835 tertia

140 1899 166 1938 ιι
177 1882 280 1963 plurali
307 1878 471 1961 praesentis
499 1877 644 1939 indicativi
667 1878 694 1937 in
725 1879 803 1938 omni
830 1878 1034 1955 coniugatione
1063 1878 1095 1937 ru
1122 1876 1234 1937 adiecta
1256 1896 1288 1953 o,
1316 1884 1348 1939 ιιι
1369 1884 1468 1937 amant

175 1991 307 2055 amanto,
327 1982 435 2041 docent
454 1981 595 2052 docento,
617 1980 718 2057 legunt
733 1979 867 2055 legunto,
892 1978 1013 2040 audiunt
1037 1978 1192 2051 audiunto,
1217 1984 1287 2038 eunt
1305 1986 1402 2039 cuuto.

259 2082 385 2164 Optativi
412 2081 495 2141 modi
519 2100 658 2160 praesens
682 2087 712 2141 et
733 2081 921 2159 praeteritum
950 2079 1153 2161 imperfectum
1173 2080 1202 2140 io
1227 2080 1305 2141 omni
1327 2079 1464 2157 coniuga-
1484 2098 1517 2148 aa

175 2187 254 2248 tione
282 2204 298 2245 a
326 2183 454 2245 secunda
479 2201 605 2261 persona
634 2182 795 2262 imperativi
823 2185 856 2243 tit
885 2183 1056 2244 adsumente
1078 2200 1157 2256 rem,
1187 2188 1218 2241 ιιι
1239 2200 1304 2243 ama
1327 2200 1466 2254 amarem,

174 2289 249 2349 doce
276 2286 426 2355 docerem,
455 2285 520 2362 lege
546 2282 689 2361 legerem,
716 2284 782 2344 audi
813 2283 953 2344 audirem.
998 2283 1185 2363 praeteritum
1215 2301 1281 2343 vero
1305 2284 1465 2363 perfectum

139 2400 206 2450 acet
227 2388 545 2469 plusquamperfectum
565 2386 696 2445 eiusdem
717 2385 795 2445 modi
816 2387 849 2445 sn
871 2404 885 2445 a
908 2385 1064 2465 praeterito
1087 2385 1217 2465 perfecto
1243 2384 1389 2445 indicativi
1416 2383 1468 2443 ad·

176 2496 310 2553 sumente
332 2509 346 2549 s
369 2496 399 2549 et
426 2508 503 2563 sem,
534 2495 567 2547 ιιι
588 2486 680 2547 amavi
704 2486 893 2561 amavissem,
923 2488 1008 2547 docui
1033 2487 1214 2561 docuissem,
1237 2486 1293 2565 legi
1320 2485 1466 2564 legissem,

175 2592 277 2675 andivi
305 2590 490 2652 audivissem.
536 2589 665 2649 futurum
689 2587 806 2668 optativi
829 2588 952 2649 facimus
980 2589 1091 2669 primas
1113 2606 1257 2670 personae
1279 2587 1424 2648 indicativi
1449 2606 1466 2647 o

175 2698 205 2757 iu
233 2714 279 2755 em
304 2700 509 2754 convertentes
535 2691 564 2750 in
595 2691 688 2770 prima
717 2691 938 2767 coniugatione,
971 2691 1001 2751 in
1024 2689 1088 2751 aliis
1110 2710 1178 2751 vero
1202 2691 1231 2750 in
1258 2708 1320 2761 am,
1344 2698 1376 2749 ut
1400 2708 1466 2749 amo

175 2810 291 2870 amem,
313 2797 405 2855 doceo
426 2793 563 2867 doceam,
588 2792 655 2870 lego
678 2791 787 2870 legam,
810 2792 896 2852 audio
916 2791 1038 2852 audiam.
1085 2792 1181 2853 futuro
1205 2793 1328 2870 quoque
1347 2790 1464 2869 optativi
1483 2809 1516 2859 55

140 2897 272 2960 assimile
295 2905 341 2956 est
361 2914 504 2974 praesens
527 2893 717 2966 subiunctivi,
745 2911 811 2953 cunr
834 2911 930 2953 amem
952 2894 1072 2953 doceam
1096 2893 1188 2970 legam
1213 2892 1337 2952 antliam.
1383 2909 1467 2970 prae·

177 3000 293 3061 teritum
322 3015 439 3075 quoque
465 2996 668 3076 imperfectum
696 2992 870 3055 subiunctivi
901 2994 994 3055 simile
1017 3005 1061 3054 est
1087 2995 1233 3074 praesenti
1258 3000 1288 3054 el
1309 2993 1466 3073 praeterito

175 3100 346 3180 imperfecto
369 3098 504 3177 optativi,
533 3105 566 3157 ut
587 3115 654 3156 cum
677 3113 805 3156 amarem
826 3095 962 3156 docerem
992 3094 1118 3172 legerem
1142 3096 1281 3156 avulirem.
1327 3095 1468 3174 praeteri·

177 3213 237 3265 tum
259 3202 421 3281 perfectum
442 3198 618 3259 subiunctivi
641 3217 657 3257 a
678 3196 836 3277 praeterito
860 3197 990 3276 perfecto
1013 3196 1157 3257 indicativi
1183 3199 1227 3270 fvt,
1250 3197 1327 3275 (prod
1351 3197 1466 3258 mutati

175 3303 292 3364 finalem
317 3303 346 3362 in
372 3321 389 3361 e
416 3308 581 3379 correptam
616 3308 645 3360 el
672 3299 800 3359 adsumit
826 3298 897 3371 rim,
927 3306 958 3358 ιιι
983 3298 1075 3359 amari
1101 3298 1274 3372 arvraverim,
1302 3297 1388 3358 docui
1415 3299 1468 3359 do-

139 3404 301 3476 socuerim,
320 3402 375 3481 legi
396 3401 531 3478 legerim,
553 3401 648 3462 audivi
666 3400 832 3462 audiverim.
862 3400 939 3460 idem
955 3407 1000 3459 est
1019 3408 1048 3460 et
1063 3400 1192 3460 futurum
1215 3399 1344 3460 eiusdem
1360 3395 1373 3484 ll
1391 3399 1467 3461 modi

174 3507 267 3586 prima
295 3503 496 3565 tantummodo
519 3523 645 3583 persona
668 3511 798 3563 mutante
820 3503 860 3562 im
884 3502 914 3560 in
937 3521 970 3574 0,
995 3509 1025 3561 ul
1047 3503 1202 3561 amaverim
1224 3501 1367 3562 amaveris
1389 3521 1468 3561 arna-

176 3608 247 3667 verit
274 3597 466 3668 amaverimus
495 3604 659 3666 amaveritis
683 3605 857 3674 amaverint,
887 3621 1021 3663 amavero
1045 3602 1185 3663 amaveris
1208 3604 1361 3678 amaveril;
1386 3602 1466 3664 simi·
1484 3617 1517 3667 ιιιι

175 3711 242 3770 liter
268 3707 417 3769 docuerim
448 3706 591 3778 docuero,
622 3705 740 3782 legerim
764 3703 880 3783 legero,
908 3703 1047 3764 audierim
1076 3705 1204 3766 audiero.
1243 3705 1468 3784 plusquamper-

176 3814 283 3872 fectum
310 3806 485 3870 suldunctivi
506 3807 601 3866 simile
629 3814 674 3866 est
695 3807 852 3884 praeterito
873 3806 1004 3885 perfeeto
1024 3816 1052 3865 et
1074 3806 1363 3886 plusquamperfecto
1386 3812 1468 3884 opta-

139 3900 240 3983 alivi,
271 3919 302 3971 ut
335 3910 445 3971 utinam
474 3908 662 3980 amavissem,
695 3926 762 3967 cum
792 3907 981 3980 amavissem,
1015 3907 1181 3968 docuissem
1216 3907 1352 3988 legissem
1386 3907 1469 3968 audi·

174 4013 290 4073 vissem.

259 4111 401 4172 latinitiva
429 4111 458 4170 in
488 4110 568 4172 omni
596 4110 799 4187 coniugatione
836 4113 910 4170 frum
943 4111 1108 4191 praesentis
1142 4110 1284 4191 temporis
1320 4109 1468 4171 secundae

174 4232 319 4295 personae
345 4211 505 4292 imperativi
536 4211 632 4272 addita
661 4231 709 4285 re,
740 4219 770 4272 ut
792 4230 857 4273 ama
879 4231 992 4287 amare,
1022 4213 1095 4274 doce
1117 4213 1238 4285 docere,
1266 4212 1331 4288 lege
1360 4211 1467 4290 legare,

174 4315 240 4378 audi
264 4315 373 4376 andire.
405 4314 594 4394 praeteritum
618 4333 634 4374 a
653 4314 811 4393 praeterito
834 4316 965 4394 perfeeto
989 4322 1017 4375 et
1039 4314 1328 4394 plusquamperfecto
1349 4312 1469 4394 optativi

139 4443 165 4483 ιι
175 4419 287 4480 abiecta
309 4435 338 4476 m
360 4418 406 4490 fvt,
422 4425 455 4475 ut
474 4413 644 4476 amavissem
660 4414 817 4490 amavisse,
836 4416 1002 4477 docuissem
1025 4415 1175 4485 docuisse,
1197 4415 1335 4494 legissem
1352 4415 1469 4494 legisse,

174 4519 350 4581 audivissem
372 4517 518 4578 avulirisse
541 4517 585 4576 vel
610 4516 767 4578 audiissem
790 4517 936 4593 audiissc;
959 4518 1089 4578 futurum
1111 4535 1180 4578 vero
1204 4535 1257 4597 per
1278 4517 1416 4598 supinum
1437 4517 1467 4578 in
1485 4530 1518 4581 ιιι

1474 4647 1489 4676 b
1508 4665 1513 4674 .

186 4716 190 4722 ¹
248 4739 277 4790 ll
297 4738 388 4803 hicque
407 4738 546 4787 notandum
566 4738 644 4786 estG
677 4736 725 4788 hoc
743 4753 844 4802 quoque
864 4738 1003 4794 notandum
1021 4746 1095 4795 estc
1169 4738 1199 4790 ta
1218 4737 1310 4796 ιιιιίις
1345 4736 1426 4788 hiso
