3400 5325
693 220 902 289 Passurus
1250 222 1255 229 '
1412 234 1441 280 ιι

147 413 341 534 plerumque
366 408 528 499 neglexi:
562 434 605 478 ne
630 411 732 497 igitur
755 409 865 475 fraudi
887 418 973 475 esset
997 408 1175 475 lectoribus
1203 408 1284 474 haec
1302 406 1442 487 collatio,

147 520 190 583 iis
211 518 310 600 locis,
335 516 395 581 ubi
422 514 504 580 nihil
529 514 570 579 de
592 536 632 579 ea
653 522 810 577 testatum
829 521 913 595 erat,
943 511 1118 577 lectionem
1141 510 1372 593 Kreblianam,
1399 499 1443 576 ad

147 640 249 705 quam
268 620 415 683 codicem
438 616 579 681 contulit
604 614 805 698 Presselius‚
831 614 995 701 adscripsi
1024 612 1154 676 adiecta
1183 610 1222 676 lit
1209 622 1279 677 tera
1301 612 1330 676 Ο
1349 616 1441 676 uncis

148 721 281 784 inclusa
297 718 375 805 (Ο),
397 740 461 804 quo
484 719 579 802 signo
601 716 792 803 saepissime
814 714 981 779 codicisO
1000 712 1194 779 lectionibus
1215 736 1280 779 nou
1284 708 1442 779 enotatis

146 843 250 884 unam
278 818 381 884 solam
409 814 583 884 lectionem
611 815 825 881 Krchlianam
847 802 988 880 indicari
1011 838 1083 898 eos,
1116 815 1172 901 qui
1193 815 1315 885 barum
1333 837 1442 880 rerum

147 921 388 1007 quadamtenus
410 922 508 1005 periti
530 927 620 1001 sunt,
643 941 709 982 non
730 918 845 1033 fugiet
880 917 937 981 ubi
960 916 1025 980 alia
1045 914 1205 1003 quaedam
1225 916 1384 981 dubitatio
1401 918 1442 980 de

146 1022 215 1085 fide
243 1021 427 1085 collationis
454 1020 723 1101 subnasceretur,
750 1020 879 1135 signum
907 1020 1088 1103 interrogat
1090 1016 1173 1081 ionis
1197 1020 1350 1104 apposui·
1387 1018 1441 1082 0?

145 1133 325 1209 utrumque
346 1131 380 1187 et
400 1122 436 1187 in
457 1120 570 1186 codice
585 1121 621 1184 M
641 1121 720 1203 feci,
741 1142 797 1207 qur
787 1118 918 1184 multo
935 1118 1074 1208 plenius
1082 1127 1179 1205 atque
1198 1120 1384 1183 accuratius
1401 1119 1442 1182 ab

146 1223 270 1288 Heinio
298 1224 436 1288 collatus
464 1232 530 1304 est,
556 1224 646 1286 etin
666 1220 836 1287 codicibus
854 1242 876 1284 a
897 1243 948 1285 me
974 1220 1120 1302 collatis,
1148 1220 1206 1285 ubi
1236 1218 1290 1283 vel
1312 1219 1442 1285 silentio

146 1348 223 1401 meo
243 1326 297 1389 vel
315 1324 482 1389 collationi
504 1345 596 1389 meae
618 1323 818 1406 diffiderem,
839 1322 927 1415 quod
948 1344 1082 1409 perraro
1105 1344 1185 1387 sane
1209 1322 1339 1386 accidit.
1385 1322 1442 1387 scd
1561 1398 1562 1401 Ἴ

147 1428 178 1491 si
202 1429 238 1490 in
261 1427 451 1490 universum
474 1447 584 1491 errare
605 1426 783 1490 humanum
806 1433 872 1508 est,
895 1424 956 1489 hoc
974 1426 1117 1488 maxime
1139 1444 1218 1488 sane
1237 1424 1380 1509 pertinet
1400 1423 1444 1487 ad

147 1527 405 1591 minutissimum
432 1527 518 1591 hunc
548 1527 694 1593 laborem
711 1524 811 1591 libros
839 1549 917 1592 mss.
940 1526 1146 1609 conferendi,
1173 1526 1230 1589 ubi
1253 1546 1295 1590 ne
1317 1547 1443 1588 summa

44 1662 47 1667 ·
146 1629 282 1715 quidem
302 1628 368 1693 fide
386 1638 483 1716 atque
507 1628 679 1714 diligentia
699 1637 794 1693 utens
816 1650 943 1693 errores
965 1626 1089 1714 aliquot
1118 1627 1232 1692 evites.
1277 1626 1311 1691 in
1332 1627 1443 1691 codice
1565 1650 1566 1655 ¹

146 1730 186 1794 M
206 1738 377 1818 praeterea
398 1732 577 1795 testimonii
599 1728 756 1793 Hciniani
777 1738 811 1794 ct
826 1728 1038 1818 Spengeliani
1056 1727 1293 1813 discrepantias
1314 1737 1444 1815 praeter

147 1833 336 1896 levissimas
355 1833 514 1919 quasdam
533 1830 663 1897 reculas
685 1818 809 1918 ubique
825 1832 955 1913 notavi,
981 1829 1040 1893 ubi
1061 1852 1127 1894 non
1149 1831 1315 1917 expressis
1333 1830 1443 1897 verbis

146 1934 216 1998 viri
245 1933 488 2018 diligentissimi
524 1932 654 1998 collatio
696 1932 738 1996 ab
770 1932 891 1995 Heinio
932 1929 1107 2019 reprobata
1145 1939 1243 2017 atque
1273 1932 1445 1997 emendata

147 2043 249 2101 esset.
272 2033 331 2099 alt.
353 2044 386 2099 et
400 2035 442 2099 G.
465 2043 575 2113 notae,
597 2034 655 2098 nbi
675 2055 719 2097 ex
732 2032 828 2098 codd
845 2033 1036 2121 praesertim
1053 2030 1085 2094 D
1104 2031 1179 2095 etN
1196 2041 1344 2097 enotatas
1358 2044 1445 2119 sunt,

145 2139 216 2201 nisi
239 2134 330 2199 aliud
352 2135 432 2221 quid
453 2136 601 2200 additum
623 2143 690 2219 est,
711 2128 873 2217 iddicant‚
903 2133 962 2197 has
990 2133 1131 2198 literas
1122 2156 1157 2196 m
1179 2131 1273 2197 libris
1293 2133 1343 2198 his
1365 2158 1443 2201 mss.

148 2236 302 2302 omnibus
335 2236 507 2302 vocabulis
532 2236 671 2301 Graecis
697 2236 737 2300 ad
771 2183 918 2321 singulos
945 2234 1033 2300 locos
1061 2233 1232 2321 usquead
1259 2238 1443 2321 proximum

146 2360 224 2403 voc.
245 2336 401 2401 Latinum
422 2336 661 2423 pertinentibus
692 2337 886 2402 substitutas
921 2358 1003 2401 csse.
1047 2333 1186 2401 Alfredo
1216 2335 1443 2422 Fleckeiseno‚

148 2442 208 2527 qui
230 2447 292 2525 per
308 2447 414 2504 totum
434 2439 605 2520 volumen,
627 2447 660 2504 et
682 2438 834 2524 Augusto
857 2438 1024 2519 Nauck10‚
1047 2438 1103 2523 qui
1117 2458 1177 2525 per
1196 2446 1343 2501 extrema
1364 2440 1445 2504 folia

147 2544 210 2607 has
231 2540 382 2628 plagulas
405 2564 531 2605 mecum
555 2540 756 2626 relegerunt,
783 2562 850 2606 non
871 2539 967 2604 modo
987 2548 1121 2627 propter
1147 2539 1230 2607 vitia
1252 2540 1442 2626 typothetae

148 2642 342 2726 emendata,
372 2642 432 2708 sed
466 2650 597 2730 propter
618 2641 806 2727 ingeniosas
832 2663 872 2707 ao
903 2641 1015 2707 doctas
1047 2638 1170 2728 aliquot
1200 2640 1445 2708 observationes

148 2768 273 2830 mecum
294 2745 420 2831 gratias
442 2752 542 2830 agent
562 2744 712 2809 lectores.

234 2847 303 2911 Vix
313 2845 382 2911 ulla
396 2846 681 2931 grammaticorum
703 2845 895 2910 Latinorum
916 2845 1077 2932 particula
1092 2854 1215 2909 tantam
1231 2845 1443 2910 mutationem

149 2949 303 3014 subitura
331 2956 396 3029 est,
424 2955 580 3035 quantam
609 2947 711 3012 subiit
734 2946 924 3012 Priscianus
945 2948 1062 3012 minor.
1105 2955 1139 3011 at
1164 2948 1193 3010 is
1216 2967 1333 3011 novam
1360 2946 1444 3010 banc

147 3060 277 3117 vestem
296 3049 405 3114 induit
424 3070 489 3113 non
508 3071 552 3112 ex
574 3048 711 3114 arbitrio
735 3048 877 3135 quodam
905 3070 966 3112 nec
989 3070 1032 3124 ex
1054 3047 1187 3112 licentia
1207 3057 1263 3111 aut
1283 3069 1326 3112 ex
1347 3069 1445 3111 caeca

149 3151 262 3238 aliqua
279 3151 459 3216 innovandi
481 3150 679 3238 cupiditate,
706 3149 765 3215 sed
787 3147 967 3220 secundum
993 3150 1288 3214 vetustissimorum
1312 3151 1444 3214 testium

150 3253 249 3317 iidem
272 3251 427 3337 religiose
449 3260 615 3318 servatam
641 3260 675 3317 et
702 3275 761 3338 pro
788 3252 916 3316 viribus
944 3251 987 3317 ad
1014 3252 1121 3336 ipsum
1141 3249 1203 3315 hoc
1223 3249 1445 3314 firmissimum

150 3353 402 3418 fundamentum
424 3352 640 3418 emendatam.
685 3351 773 3417 haud
800 3375 935 3440 prorsus
957 3353 1057 3439 igitur
1078 3352 1261 3437 indignum,
1285 3373 1360 3416 cum
1379 3373 1444 3417 me-

152 3456 250 3536 liora,
279 3475 362 3539 quae
383 3454 426 3520 ad
448 3454 534 3519 diem
556 3455 839 3541 exoptatissimum
871 3455 925 3541 pio
945 3453 1125 3540 libentique
1152 3457 1261 3518 animo
1284 3454 1443 3540 afferrem,

148 3579 218 3622 non
245 3564 376 3643 praesto
402 3563 529 3639 essent,
566 3555 628 3621 hoc
660 3557 813 3621 volumen
844 3565 913 3619 tum
949 3555 1210 3641 semiperfectum
1247 3556 1354 3619 visum
1385 3564 1444 3639 est,

151 3657 241 3745 quod
261 3659 334 3721 viro
357 3679 499 3741 summo,
522 3657 640 3722 loanni
667 3657 837 3740 schulzio,
866 3648 1078 3743 qui‘aarrio
1102 3647 1146 3732 dg
1165 3649 1279 3740 iq'asog'
1307 3679 1360 3720 me
1381 3666 1446 3721 stu-

150 3761 272 3844 diaque
300 3780 373 3822 mea
398 3758 500 3841 fovit,
527 3759 670 3821 muneris
703 3759 835 3843 egregie
863 3759 988 3844 peracti
1018 3758 1104 3823 festa
1128 3757 1390 3822 semisascularia
1414 3759 1445 3824 d.

150 3859 259 3925 XXX
278 3883 321 3924 m.
344 3859 488 3944 Augusti
510 3859 541 3924 b.
565 3881 594 3922 a.
611 3860 724 3944 agenti
746 3860 901 3923 dicarem.
946 3881 1034 3923 nuno
1062 3881 1141 3925 vero
1171 3881 1268 3946 opere
1295 3859 1445 3925 absoluto

149 3984 220 4026 non
233 3970 360 4026 tantum
376 3960 629 4046 gratulationem
651 3959 742 4023 illam
760 3961 879 4048 iterare
899 3959 988 4040 licet,
1012 3960 1070 4025 sed
1092 3963 1191 4026 etiam
1206 3963 1293 4026 votis
1308 3961 1445 4026 fervidis

148 4085 265 4143 senem
286 4063 532 4128 meritissimum
555 4070 588 4126 et
612 4060 861 4126 dilectissimum
883 4062 919 4125 in
941 4061 1112 4126 honestum
1132 4062 1215 4128 illud
1238 4064 1340 4128 otium
1366 4071 1446 4126 tam-

108 4239 115 4250 ,
147 4187 252 4254 qnam
272 4166 308 4228 in
340 4161 473 4250 aliquod
500 4164 628 4250 asylum
658 4165 828 4250 prosequi,
858 4162 946 4250 quod
972 4171 1047 4250 post
1067 4171 1116 4227 tot
1137 4173 1293 4251 tantaque
1315 4166 1447 4249 negotia

147 4287 293 4355 operosa
315 4265 358 4329 ad
377 4263 472 4348 boni,
489 4265 612 4352 pulcri,
632 4266 704 4330 veri
723 4287 781 4351 per
800 4265 941 4351 patriam
958 4273 1103 4330 nostram
1116 4266 1352 4331 incrementum
1373 4264 1447 4330 reli·

144 4371 246 4456 gloss
263 4387 302 4430 ac
320 4366 470 4431 sollerter
491 4375 625 4453 peracta
645 4368 716 4454 ipse
738 4366 803 4431 sibi
824 4364 934 4452 elegit.

237 4465 307 4534 Ser.
329 4467 498 4556 Gryphiae
520 4467 551 4532 d.
572 4467 693 4532 XVIII
714 4489 757 4530 m.
778 4467 863 4532 Dec.
886 4489 916 4532 a.
937 4467 1221 4536 MDCOCLVIII.

689 4691 903 4701 ..ψ
