3400 5325
640 1068 1029 1152 PRAEFATIO.

744 1340 923 1350 *-

270 1524 399 1628 Pauca
420 1573 513 1647 sunt,
536 1586 622 1651 quae
643 1562 719 1629 huic
734 1563 893 1629 volumini
914 1562 1096 1649 praefanda
1118 1560 1238 1645 habeo,
1262 1583 1364 1649 eaque
1382 1564 1478 1627 unice

178 1670 255 1733 fere
283 1674 433 1752 spectant
457 1665 501 1729 ad
526 1665 628 1730 libros
648 1664 750 1729 XVII
774 1673 807 1728 et
826 1664 962 1747 XVIII,
992 1664 1153 1729 Prisciani
1184 1666 1318 1729 minoris
1347 1667 1478 1729 nomine

180 1770 265 1835 olim
287 1789 307 1832 a
329 1765 527 1853 reliquorum
553 1765 695 1831 sedecim
717 1765 874 1832 librorum
895 1787 1042 1851 corpore,
1064 1764 1152 1851 quod
1169 1762 1330 1829 Prisciani
1345 1766 1478 1830 maioris

179 1890 303 1933 nomen
325 1888 404 1954 prae
433 1890 468 1931 se
496 1865 639 1949 ferebat,
669 1866 769 1951 vulgo
795 1876 984 1953 segregatos
1010 1876 1042 1931 et
1066 1866 1259 1953 plerumque
1286 1866 1478 1951 singillatim

178 1972 378 2055 descriptos.
423 1969 574 2053 quamvis
595 1969 682 2033 enim
706 1968 746 2032 de
764 1968 979 2050 adiumentis,
1002 1967 1120 2055 quibus
1142 1969 1176 2031 in
1193 1968 1404 2033 recensendis
1427 1967 1477 2031 hia

176 2073 277 2139 libris
302 2092 381 2135 usus
406 2091 494 2152 sum,
517 2072 552 2133 in
572 2071 691 2156 prioris
713 2070 891 2135 voluminis
914 2070 1119 2157 praefatione
1142 2068 1370 2151 disseruerim,
1392 2070 1477 2133 inter

182 2170 294 2260 ipsum
318 2170 512 2235 recensendi
533 2180 630 2257 atque
656 2170 851 2235 emendandi
881 2171 1026 2237 laborem
1048 2170 1313 2235 observationum
1346 2168 1478 2255 aliquod

178 2272 392 2339 corollarium
411 2272 491 2335 mihi
510 2271 685 2337 subnotem
708 2282 768 2355 est,
790 2273 884 2337 cuius
911 2272 1048 2337 alteram
1070 2279 1206 2358 partem,
1227 2292 1310 2357 quae
1330 2270 1476 2355 singulas

178 2374 341 2463 quasdam
355 2394 409 2438 res
425 2373 468 2436 ad
486 2371 663 2437 voluminis
684 2372 754 2437 fere
771 2374 890 2459 prioris
913 2380 1141 2458 argumentum
1162 2373 1363 2458 pertinentes
1385 2394 1475 2458 spec-

173 2487 245 2554 ·tat,
273 2477 307 2540 iu
335 2474 559 2540 addendorum
589 2474 921 2560 corrigendorumque
947 2474 1148 2559 farraginem
1170 2474 1311 2555 conieci,
1341 2472 1476 2537 alteram

177 2578 238 2643 hic
258 2598 452 2665 componere
473 2575 571 2641 malo.

267 2680 318 2743 Ac
348 2679 488 2765 primum
517 2677 605 2765 quod
638 2677 680 2742 ad
714 2679 818 2764 ipsius
846 2677 1011 2742 Prisciani
1043 2699 1124 2765 opus
1156 2677 1287 2759 attinet,
1321 2675 1398 2740 libri
1426 2674 1475 2738 illi

177 2779 410 2844 XIII-XVI
432 2780 614 2844 doctrinam
636 2780 677 2843 de
697 2778 846 2865 partibus
872 2779 1030 2844 orationis
1053 2777 1233 2866 perlibros
1258 2776 1327 2841 XII
1347 2778 1473 2862 priores

178 2903 287 2969 usque
323 2881 365 2945 ad
399 2902 578 2969 pronomen
610 2880 798 2963 deductam,
834 2880 1026 2966 pronomine
1066 2879 1233 2955 absoluto,
1263 2880 1475 2965 praepositio-

178 2983 298 3066 nibus,
322 2982 506 3063 adverbiis,
528 2979 1269 3059 interiectionibus,coniunctionibusadditis
1289 2978 1473 3066 perficiunt,

177 3085 259 3151 libri
279 3083 381 3148 XVII
397 3093 430 3150 et
444 3082 565 3147 XVIII
585 3083 785 3170 peculiarem
805 3092 974 3168 exponunt
996 3083 1167 3148 materiam
1188 3079 1248 3144 ‘de
1270 3079 1473 3145 ordinatione

178 3188 254 3251 aive
282 3187 524 3251 constructione
551 3184 744 3263 dictionum,
774 3205 872 3271 quam
901 3183 1020 3248 Graeci
1047 3177 1207 3260 σύνταξιν
1233 3187 1369 3247 vocaut'
1401 3180 1474 3266 (lib.

178 3287 323 3368 XVII&
348 3289 394 3373 1).
438 3270 566 3372 quain
590 3285 729 3350 materia
752 3285 924 3350 tractanda
954 3307 1051 3372 quam
1076 3293 1146 3350 arte
1171 3283 1215 3349 ad
1241 3282 1409 3370 Apollonii
1433 3284 1473 3348 de

178 3389 315 3477 syntaxi
330 3387 432 3453 libros
450 3407 524 3450 sese
544 3386 717 3474 applicarit
737 3386 944 3468 Priscianus,
968 3387 1118 3473 quamvis
1141 3386 1186 3450 ‘si
1208 3385 1288 3472 quid
1310 3386 1409 3448 etiam
1431 3407 1473 3448 ex

177 3490 257 3555 aliis
279 3487 394 3553 velex
416 3509 451 3552 se
472 3489 544 3575 ipso
567 3509 747 3573 congruum
766 3487 947 3570 invenerit,
978 3509 1042 3552 non
1065 3489 1225 3551 recusarit
1246 3488 1471 3573 interponere'

177 3600 214 3656 et
235 3591 306 3677 ipse
327 3589 499 3655 confitetur
520 3587 545 3652 I.
559 3590 776 3653 cummaxime
798 3588 818 3653 I.
842 3597 876 3652 et
890 3589 976 3653 inter
998 3593 1112 3654 omnes
1138 3597 1267 3654 constat
1312 3589 1357 3672 (v.
1375 3587 1472 3652 modo

177 3693 258 3758 adn.
279 3712 383 3757 meam
410 3689 453 3754 ad
474 3690 582 3775 ipsum
603 3689 636 3754 b.
656 3689 706 3775 l.).
729 3688 898 3776 Apollonii
919 3691 1062 3774 vestigia
1082 3712 1142 3776 per
1166 3690 1286 3756 librum
1310 3688 1470 3754 decimum

178 3794 355 3880 septimum
382 3791 516 3857 assiduo
545 3789 615 3856 fere
639 3793 792 3878 persequi
820 3790 914 3875 licet,
943 3793 1067 3857 rariora
1096 3801 1172 3856 sunt
1199 3792 1233 3855 iu
1255 3799 1347 3877 parts
1363 3792 1472 3877 priore

177 3895 258 3960 libri
281 3893 388 3958 octavi
415 3892 549 3973 decimi,
577 3893 671 3955 cuius
696 3899 923 3976 argumentum
942 3894 977 3956 in
998 3894 1069 3980 ipso
1097 3891 1176 3957 libri
1202 3891 1316 3957 limine
1338 3893 1472 3978 exponit

177 3995 387 4075 Priscianus,
410 3993 558 4057 eiusdem
572 4014 651 4057 vero
665 3991 741 4058 libri
755 4014 832 4078 pars
846 3995 1006 4080 posterior
1022 4016 1042 4058 a
1057 3981 1206 4058 doctrina
1222 3994 1265 4059 ad
1286 4015 1381 4058 usum
1400 4013 1472 4056 sese

177 4105 375 4162 convertens
397 4093 444 4158 nil
462 4093 528 4158 nisi
546 4094 747 4178 farraginem
768 4095 993 4182 exemplorum
1015 4095 1164 4178 exbibet,
1188 4095 1388 4160 Graecorum
1412 4094 1471 4156 sei-

177 4197 259 4262 licet
281 4204 315 4261 et
333 4195 553 4261 Romanorum
572 4185 846 4279 constructiones,
866 4207 903 4262 ut
919 4200 965 4262 ita
985 4197 1046 4262 boc
1061 4196 1163 4261 verbo
1183 4198 1232 4261 uti
1253 4196 1366 4274 liceat,
1387 4196 1473 4258 inter

178 4321 216 4363 se
237 4305 441 4384 comparatas
463 4296 709 4363 illustrantium.
753 4319 851 4382 quam
868 4306 1048 4363 extremam
1066 4299 1173 4384 operis
1195 4299 1246 4362 sui
1261 4304 1386 4384 partem
1401 4297 1472 4381 ipse

179 4399 407 4478 ‘Atticismom
435 4398 554 4485 quibus
583 4397 723 4462 Romani
752 4420 882 4486 quoque
911 4405 1064 4463 utuntur’
1097 4400 1244 4464 nominat
1269 4397 1326 4462 lib.
1354 4396 1474 4461 XVIII

178 4503 276 4581 550.
320 4498 364 4564 ad
388 4520 470 4585 quos
497 4519 571 4564 cum
598 4499 634 4561 iu
663 4500 883 4565 anterioribus
906 4519 1035 4588 quoque
1057 4500 1213 4587 spectarit
1238 4500 1322 4586 (πᾷ
1338 4501 1378 4562 99
1400 4519 1474 4563 cum

179 4622 254 4687 sqq.
278 4601 338 4663 122
359 4621 433 4675 cum
457 4599 561 4686 sqq),
582 4599 660 4664 data
678 4607 789 4664 tamen
810 4605 950 4687 opera§
975 4605 1032 4664 157
1055 4601 1183 4666 demum
1203 4601 1318 4687 incipit
1338 4599 1474 4663 ‘multos

181 4711 216 4768 et
239 4701 390 4767 diversos
414 4721 495 4766 usus
516 4700 558 4765 ab
583 4701 771 4766 auctoribus
797 4703 968 4790 utriusque
997 4701 1129 4788 linguae
1155 4702 1309 4789 colligere
1331 4701 1474 4766 omnium
