3400 5325
405 225 653 293 tttttTtTtottEs
677 228 729 293 llll
753 226 859 293 vEtts.
883 228 967 293 elix.
985 228 1047 293 titt.
1071 239 1213 297 eta-eet
1396 229 1458 296 513

228 343 368 388 neema
513 357 516 365 t
1264 347 1405 391 essex.

159 433 175 473 e
195 354 344 477 elsutrariu
362 418 502 479 alteruter
524 436 559 479 ex
577 417 692 479 duobus
716 418 854 497 integris,
872 418 1041 479 alterutrius
1062 438 1098 480 ex
1118 358 1261 499 corrupti
1280 428 1309 479 et
1330 421 1455 499 integro.

159 516 278 579 [leelina
303 518 439 579 activum.
477 518 634 581 lndicativo
657 518 784 597 infringo
806 519 1000 598 infringebam
1028 519 1140 599 infregi
1154 521 1329 599 infregexam
1353 521 1456 582 infrin·
1474 532 1526 582 218

158 608 239 697 gam3
260 620 431 700 imperativo
451 620 598 701 praesenti
613 619 739 698 infringe
758 619 896 697 infringat
912 621 1106 700 infringamus
1121 621 1270 699 infringite
1285 622 1454 701 infringant,

158 720 256 781 futuro
279 721 429 799 infringito
452 731 500 797 tu,
523 720 672 798 infringito
700 721 764 793 ille,
786 721 982 800 infringitete,
1009 722 1170 799 infringant
1191 722 1236 784 vel
1255 722 1454 801 infringun103

135 822 286 901 aoptativo
309 823 419 883 utinam
436 824 624 901 infringerem
645 821 830 899 infregissem
853 822 1026 900 infringam
1055 823 1240 885 subiunctiro
1263 842 1330 884 cum
1351 818 1455 885 infrio-
1518 892 1521 898 ¹

157 941 224 1000 gam
247 924 437 1001 infringerent
463 922 631 1002 infregerim
654 924 839 1001 infregissem
862 924 1030 1003 infregero;
1053 923 1196 985 intinitim
1218 925 1388 1003 infringere,
1409 925 1455 986 iu-

158 1025 296 1103 fregisse,
319 1026 475 1086 infractum
498 1024 541 1085 ire
563 1025 608 1085 vel
630 1026 821 1085 infracturum
845 1044 921 1085 esse.
966 1026 1107 1103 gerundia
1131 1026 1175 1087 vel
1196 1025 1389 1106 participialia
1409 1027 1455 1087 in-

158 1126 304 1204 fringendi
331 1126 517 1204 infringendo
543 1126 760 1205 infringendum
789 1125 947 1187 infractum
974 1127 1109 1188 infracto.
1154 1128 1307 1208 participia
1335 1129 1456 1190 veniunt

157 1227 194 1287 ab
216 1228 309 1289 actim
333 1228 499 1308 praesentis
520 1228 700 1306 infringens,
724 1227 812 1289 futuri
835 1226 1022 1289 infractores.
1067 1226 1188 1290 lleclina
1209 1229 1358 1309 passivum
1380 1229 1453 1291 eius.

124 1329 305 1407 tolnfringor
333 1329 529 1409 infringebar,
557 1330 700 1391 infractus
730 1348 794 1391 sum
824 1328 869 1389 vel
892 1329 1035 1391 infractus
1055 1330 1113 1403 fui,
1138 1330 1282 1393 infractus
1305 1351 1385 1393 eram
1407 1331 1452 1392 vel

157 1430 298 1491 infractus
322 1432 449 1503 fueram,
471 1431 630 1509 infringam
658 1429 829 1509 imperativo
851 1431 999 1511 praesenti
1023 1431 1184 1510 infringere
1210 1433 1387 1511 infringatur
1409 1432 1455 1493 iu-

158 1532 319 1609 fringamur
345 1532 535 1610 infringimini
565 1532 775 1610 infringantur,
807 1532 907 1593 futuro
934 1532 1102 1611 infringitur
1131 1542 1178 1607 tu,
1200 1532 1367 1611 infringitur
1394 1533 1453 1607 ille,

133 1632 386 1711 iufringiminor,
415 1634 626 1707 infringuntur
647 1637 692 1693 uel
724 1616 939 1711 inllinguntor;
969 1634 1098 1713 optativo
1127 1634 1238 1695 utinam
1266 1633 1452 1713 infringerer,

157 1734 299 1797 infractus
322 1753 418 1797 essem
440 1735 483 1795 rel
506 1735 647 1795 infractus
665 1734 804 1808 fuissem,
824 1734 967 1814 infractus
989 1754 1040 1796 ero
1056 1735 1101 1796 vel
1123 1736 1266 1797 infractus
1289 1737 1388 1812 fuero;
1411 1735 1453 1797 in·

121 1836 265 1898 tennione
281 1836 412 1915 infringi,
435 1836 590 1898 infractum
613 1856 679 1897 esse
703 1834 745 1896 vel
769 1836 924 1897 infractum
947 1837 1054 1909 fuisse,
1077 1836 1233 1899 infractum
1254 1834 1298 1897 iri.
1343 1856 1451 1898 nomen
1469 1855 1522 1919 ²¹9

157 1938 272 1999 verbale
301 1938 494 1999 masculinum
525 1939 680 2012 infractor,
711 1938 883 1998 femininum
912 1937 1077 2011 infractrix,
1104 1937 1168 2017 ipsa
1198 1956 1247 1999 res
1268 1939 1404 1999 infractio
1424 1948 1455 2001 et

156 2040 296 2101 infractus
329 2048 358 2099 et
393 2040 560 2102 infractura.
605 2039 788 2101 ostendimus
823 2037 902 2099 enim
932 2056 1036 2118 saepe,
1066 2038 1143 2116 quod
1175 2038 1327 2119 participia
1360 2041 1453 2101 actim

156 2141 246 2202 futuri
275 2142 417 2220 temporis
446 2141 583 2201 feminina
615 2140 701 2201 etiam
732 2160 793 2225 pro
808 2140 872 2220 ipsa
894 2158 927 2200 re
953 2137 1152 2219 accipiuntur,
1177 2151 1207 2203 ut
1229 2140 1341 2220 pictura
1364 2160 1454 2203 usura

155 2251 259 2303 natura
287 2243 437 2303 iunctura:
483 2242 526 2303 sic
552 2242 638 2303 etiam
666 2241 802 2301 fractura.
847 2241 997 2301 rarissime
1022 2241 1052 2301 in
1081 2260 1115 2301 or
1140 2260 1241 2303 rerum
1263 2244 1381 2304 nomina
1408 2244 1455 2304 in·

119 2345 328 2419 inveniuntur,
357 2362 392 2403 ex
419 2343 525 2421 quibus
553 2342 646 2420 magis
671 2342 758 2403 rerba
787 2351 964 2416 nascuntur,
993 2362 1053 2403 non
1077 2362 1112 2404 ex
1141 2342 1237 2405 verbis
1261 2344 1396 2419 nomina,
1422 2352 1455 2406 ut

155 2444 239 2505 labor
254 2444 369 2513 laboro,
390 2444 472 2504 color
493 2443 609 2518 coloro,
632 2462 715 2504 amor
734 2462 816 2518 amo,
840 2444 937 2506 honor
958 2444 1082 2505 honoro.
1126 2444 1180 2506 Dic
1202 2445 1256 2507 alia
1278 2446 1451 2526 composita.

156 2546 315 2623 Confringe
338 2546 488 2625 perfringe
508 2544 641 2624 defringe
658 2545 801 2623 sull'ringo
817 2546 951 2624 effringo.
980 2547 1040 2607 Cirr
1061 2547 1164 2624 frango
1183 2547 1256 2624 fregi
1277 2547 1348 2607 facit
1368 2566 1453 2626 prae-

155 2646 294 2708 teritum?
338 2646 411 2719 Ouia
442 2647 543 2708 tertiae
570 2646 783 2725 coniugationis
810 2646 896 2708 verba
918 2647 948 2708 in
969 2666 1005 2726 go
1027 2647 1190 2709 desinentia
1213 2667 1228 2708 r
1249 2648 1451 2722 antecedente,

155 2750 179 2810 si
199 2750 258 2812 siut
276 2748 433 2829 simplicia,
452 2748 642 2834 praeteritum
664 2749 693 2808 in
716 2748 742 2809 si
764 2749 890 2822 faciunt,
914 2756 945 2810 ut
966 2767 1066 2827 merge
1088 2750 1193 2820 mersi,
1213 2767 1322 2829 spargo
1344 2750 1450 2829 sparsi,

118 2851 211 2914 realia
238 2869 305 2912 vero
329 2852 357 2912 in
382 2851 426 2925 xi,
456 2858 488 2911 nt
509 2850 598 2928 pingo
626 2848 720 2928 pinxi,
750 2850 830 2928 tingo
852 2849 940 2923 tinxi,
970 2868 1042 2928 rego
1064 2850 1141 2911 rexi:
1164 2850 1243 2910 unde
1257 2869 1292 2910 ex
1313 2869 1348 2912 co
1370 2869 1451 2920 com·
1468 2869 1519 2920 220

154 2953 250 3033 posita
273 2971 363 3032 pergo
383 2953 513 3033 perrexi,
535 2967 623 3026 surgo
643 2950 772 3023 surrexi,
793 2952 923 3030 exceptis
940 2950 1007 3028 lego
1027 2951 1083 3029 legi
1106 2961 1136 3012 et
1156 2971 1191 3012 ex
1210 2971 1245 3013 eo
1270 2951 1450 3031 compositis,

155 3054 271 3133 quando
297 3055 419 3116 eandem
449 3054 692 3133 significationem
715 3059 849 3124 serrant,
876 3060 909 3112 ut
927 3052 1027 3130 relego
1049 3052 1156 3130 relegi,
1179 3051 1298 3132 perlego
1319 3051 1450 3132 perlegi3

154 3165 264 3216 mutata
287 3163 384 3216 autem
407 3155 620 3234 significatione
642 3153 671 3213 in
695 3153 739 3224 xi,
766 3160 797 3212 ut
817 3152 907 3230 diligo
930 3153 1032 3228 dilexi,
1055 3153 1194 3233 intellego
1215 3153 1359 3229 intellexi,
1388 3150 1450 3238 nel-

154 3257 239 3336 glego
266 3256 388 3334 neglexi.
434 3254 617 3335 excipiuntur
644 3253 778 3316 similiter
804 3253 907 3332 frango
934 3254 1024 3333 fregi,
1049 3273 1145 3334 pango
1173 3257 1240 3335 pegi
1268 3255 1313 3316 vel
1341 3255 1449 3335 pepigi,

118 3378 189 3422 aoex
217 3376 274 3437 quo
298 3357 427 3438 impingo
456 3357 573 3436 impegi.
619 3355 805 3434 excipiuntur
830 3355 916 3416 etiam
944 3362 1032 3434 tango
1060 3356 1141 3434 tetigi
1166 3366 1195 3418 et
1217 3376 1317 3438 pungo
1336 3357 1448 3437 pupugi

152 3461 195 3520 vel
219 3461 308 3538 punxi
333 3467 438 3537 elego
460 3457 505 3534 egi
528 3466 608 3519 etex
632 3459 674 3520 eis
696 3457 869 3538 composita.
914 3457 974 3518 Cur
998 3456 1162 3518 infractus?
1204 3458 1278 3530 Quia
1299 3459 1396 3520 omnia
1418 3459 1448 3518 in

152 3561 180 3637 gi
204 3560 247 3620 vel
276 3561 305 3620 in
327 3560 354 3620 xi
382 3559 570 3639 praeteritum
595 3561 759 3639 perlectum
781 3556 934 3641 facil[eutia
957 3577 1010 3638 per
1029 3567 1095 3620 ctus
1117 3559 1229 3620 faciunt
1251 3559 1448 3640 participium,

152 3670 183 3722 ut
211 3661 268 3740 legi
293 3661 405 3735 lectus,
433 3661 490 3721 dixi
514 3661 625 3736 dictus,
654 3659 736 3739 tetigi
759 3670 871 3734 tactus,
897 3659 980 3721 sanxi
1002 3667 1132 3722 sanctus.
1177 3660 1361 3741 excipiuntur
1381 3661 1448 3721 flexi

152 3764 261 3836 flexus,
284 3763 353 3825 fluxi
375 3763 479 3825 fluxus.

114 3887 142 3928 aa
238 3865 402 3926 Adverso
422 3881 497 3942 quae
519 3882 588 3943 pars
611 3863 752 3925 orationis
775 3861 840 3924 esti
882 3863 938 3924 llic
965 3881 1072 3924 nomeu
1095 3872 1155 3938 est,
1178 3863 1246 3941 quia
1269 3871 1350 3924 caret
1372 3871 1445 3923 tem·
1463 3883 1512 3933 221

150 3985 238 4047 pore,
263 3966 341 4028 unde
360 3965 427 4026 licet
450 3965 536 4026 etiam
559 3965 786 4044 comparativum
814 3964 877 4026 eius
896 3966 994 4026 facere
1017 3965 1165 4027 adversior
1186 3972 1215 4024 et
1236 3964 1444 4045 superlativum

220 4153 330 4204 leem.
349 4153 392 4204 co
446 4167 478 4202 ex
494 4153 594 4218 integro
610 4161 634 4200 et
652 4152 813 4216 corruptofi
877 4150 1111 4217 dinfringantvel
1130 4167 1177 4205 om.
1198 4151 1239 4203 08
1306 4150 1446 4202 lilleclina

149 4224 300 4289 passiuum.
316 4237 406 4272 nomen
426 4222 527 4271 trerltale
546 4225 637 4272 urreisan
658 4222 821 4270 declinatione
839 4221 910 4272 uerbi
918 4223 1017 4283 pascici
1035 4221 1056 4270 G
1162 4221 1194 4272 13
1213 4220 1387 4286 infringantur
1404 4222 1444 4270 vel

148 4309 194 4342 om.
216 4292 255 4343 OS
327 4293 358 4343 to
377 4291 494 4341 infractio
514 4291 641 4356 iufringor
659 4289 782 4339 infructus
804 4299 828 4339 et
846 4290 985 4340 infractura
1004 4291 1026 4341 G
1084 4290 1119 4340 20
1137 4299 1165 4339 ut
1183 4292 1254 4340 labor
1272 4291 1357 4340 laboro
1376 4291 1446 4340 color

148 4363 233 4412 coloro
254 4377 325 4412 emor
343 4377 401 4411 nino
419 4361 500 4410 honor
517 4359 645 4416 honoros
663 4367 690 4408 ut
710 4359 781 4408 febor
800 4360 886 4410 laboro
902 4361 972 4410 color
989 4361 1074 4409 coloro
1092 4375 1164 4409 arnor
1178 4361 1210 4409 ub
1229 4374 1300 4410 umor
1315 4359 1444 4410 honer'ab

149 4432 245 4482 honoro
265 4433 286 4482 C
302 4441 329 4482 ut
349 4432 435 4480 laboro
450 4445 466 4478 a
487 4429 557 4480 labor
575 4429 659 4478 coloro
678 4443 693 4476 a
716 4429 785 4477 color
804 4443 861 4478 arno
880 4431 912 4478 ab
930 4443 1002 4478 amor
1021 4428 1118 4478 honore
1137 4429 1169 4478 ab
1189 4429 1271 4479 honor
1289 4429 1445 4478 G.n0mina

147 4519 164 4551 a
191 4501 274 4552 uerdia
298 4503 375 4551 ducta
394 4513 449 4549 esse
468 4500 551 4550 decutit
571 4497 842 4560 Portunamnetu,
861 4515 933 4564 gaiam
952 4499 1098 4549 sententiam
1114 4501 1217 4561 planius
1235 4501 1364 4561 capreaait
1382 4499 1444 4547 Alai.

149 4579 176 4619 ut
193 4571 264 4619 labor
281 4585 296 4620 n
315 4571 418 4627 laboro,
438 4569 507 4618 color
524 4585 539 4616 u
558 4569 658 4628 coloro,
676 4581 747 4616 arnor
766 4567 797 4615 nb
815 4584 889 4633 nnio,
908 4567 989 4617 lioner
1008 4569 1039 4616 nb
1058 4567 1156 4617 lrenoro
1227 4571 1261 4617 22
1279 4569 1443 4633 praeteritum

148 4666 181 4675 -
194 4640 228 4690 2³
245 4635 323 4689 ‘verlm
338 4653 384 4688 orn.
398 4636 438 4688 OS
505 4639 538 4688 et
558 4637 659 4700 qnando
678 4651 734 4685 eant
752 4635 791 4686 CS
807 4653 873 4701 quae
891 4638 994 4701 quaudo
1012 4637 1118 4686 eurrdem
1138 4637 1159 4686 u
1228 4637 1264 4688 29
1281 4637 1445 4702 excipiuntur

146 4707 187 4760 OS
204 4709 330 4776 excipitur
348 4709 369 4758 θ
440 4706 474 4759 30
493 4708 618 4773 excipitur
634 4705 699 4756 GGS

192 4813 397 4857 unuxuxrtct
421 4813 534 4854 nentur
558 4813 606 4853 ιιι.
1286 4789 1326 4854 33
