3400 5325
240 239 305 301 400
785 240 998 301 ruscitulo

240 426 380 509 primum
404 426 436 487 in
459 425 608 511 principe
627 423 771 489 editione
793 424 902 488 editus
924 434 1011 503 erut,
1034 421 1110 487 talis
1132 423 1174 487 ab
1197 422 1364 504 omnibus,
1386 423 1442 509 qui
1465 431 1540 517 ante

239 524 502 590 Lindemannum
524 524 612 589 hunc
634 525 753 589 librum
775 524 961 607 ediderunt,
984 525 1142 611 repetitus
1165 534 1225 589 est.
1257 532 1355 610 atque
1371 524 1404 587 in
1420 522 1542 588 Aldina
1585 546 1591 555 ·

240 648 371 715 quoqne
401 627 559 721 editione,
593 626 636 691 ad
665 648 762 713 quam
791 625 969 712 parandam
993 626 1144 693 Donatus
1165 626 1378 705 Veronensis,
1410 626 1465 711 qui
1488 623 1535 687 illi

161 740 165 748 '
239 730 375 793 editioni
392 726 551 813 praefuit,
575 736 705 793 vetusto
726 728 839 793 codice
859 751 894 791 se
915 750 1009 793 usum
1028 750 1100 793 esse
1118 727 1247 802 scribit,
1269 727 1419 813 quamvis
1435 726 1536 790 multa

240 840 387 895 correcta
412 831 497 911 sint,
528 840 638 893 tamen
663 832 821 895 universa
848 830 924 894 libri
952 830 1058 894 forma
1084 830 1197 917 paucis
1225 828 1305 891 locis
1332 838 1455 891 munta
1474 836 1532 891 est

239 930 542 995 Lindemannus
572 942 681 996 autem
710 932 793 997 duos
819 932 950 996 codices
971 930 1152 995 Leidenses
1179 930 1367 1015 usurpavit,
1398 929 1533 993 alterum

241 1034 438 1097 Vossianum
461 1036 512 1098 33.
533 1040 570 1114 l,
603 1035 741 1097 altemrn
771 1035 850 1098 item
873 1032 1069 1097 Vossianum
1099 1034 1139 1095 36
1169 1031 1224 1095 sol.
1254 1031 1384 1095 saeculo
1410 1032 1532 1094 decimo

240 1136 415 1221 scriptum,
444 1136 563 1221 inquo
591 1143 666 1223 post
693 1134 922 1219 duodeviginti
949 1136 1189 1200 institutionum
1211 1131 1311 1196 libros
1336 1132 1387 1196 hic
1410 1130 1537 1196 libellus

239 1236 371 1321 legitur.
416 1260 435 1299 e
461 1236 580 1321 quibus
604 1236 698 1301 libris
727 1257 800 1299 curn
828 1238 935 1324 prior,
970 1246 1007 1299 ut
1029 1234 1249 1299 antedictum
1272 1244 1338 1317 est,
1371 1256 1436 1297 non
1459 1234 1537 1297 satis

240 1346 349 1401 certae
368 1336 446 1401 fidei
469 1340 527 1419 sit,
549 1336 633 1401 alter
661 1360 740 1401 vero
763 1337 866 1401 multo
888 1338 1044 1401 maiorem
1067 1336 1223 1422 praebeat
1243 1334 1483 1421 neglegentiam
1506 1343 1538 1397 et

239 1438 473 1520 temeritatem,
508 1459 574 1503 non
603 1440 709 1526 potuit
736 1440 782 1521 is,
813 1440 871 1525 qui
897 1438 947 1502 his
979 1460 1015 1501 se
1041 1448 1144 1501 toturn
1174 1437 1371 1519 addixisset,
1402 1435 1536 1499 multum

239 1538 411 1627 prolicere.
454 1548 552 1627 atque
577 1539 665 1604 haud
689 1542 758 1605 scio
779 1561 822 1603 an
844 1542 975 1605 omissis
1004 1538 1154 1603 omnibus
1184 1539 1270 1619 iere,
1299 1559 1383 1625 quae
1413 1539 1446 1601 in
1473 1536 1536 1601 illis

240 1642 356 1706 deesse
382 1642 483 1723 vidit,
518 1640 614 1726 plura
641 1644 824 1727 corruperit
844 1664 941 1727 quum
964 1641 1153 1705 correxerit.
1200 1639 1312 1703 sedin
1335 1639 1438 1703 altero
1459 1638 1537 1701 Vos-

241 1744 350 1825 siano,
378 1764 474 1830 quem
497 1742 527 1805 R
549 1742 635 1807 dixit
655 1741 917 1825 Lindemannus‚
946 1741 1050 1806 multa
1069 1742 1163 1829 quasi
1186 1740 1356 1805 cuiusdam
1378 1762 1537 1805 commen-

239 1846 315 1909 tarii
337 1847 442 1910 instar
462 1844 497 1907 iu
520 1845 627 1931 ipsam
646 1845 894 1909 continuitatem
918 1843 1091 1909 verborum
1115 1852 1247 1931 recepta
1269 1852 1361 1923 sunt,
1384 1862 1468 1929 quae
1483 1839 1538 1906 ille

241 1946 438 2012 scholiorum
462 1946 534 2010 loco
556 1948 590 2010 in
610 1944 710 2009 finem
732 1945 807 2009 libri
831 1946 956 2010 reiecit.
994 1967 1037 2009 ex
1059 1944 1110 2008 his
1132 1966 1255 2031 pauca,
1277 1964 1360 2031 quae
1380 1942 1408 2005 L
1429 1942 1538 2008 littera

239 2046 385 2113 indicata
399 2057 486 2128 sunt,
503 2045 731 2111 Lindemanno
746 2056 879 2111 auctore
896 2048 930 2111 in
942 2068 1046 2110 meam
1061 2046 1304 2110 adnotationem
1318 2046 1537 2131 transsumpsi,

239 2148 391 2234 idemque
407 2149 537 2233 signum
551 2148 665 2232 paucis
681 2148 752 2211 eius
769 2146 844 2211 libri
856 2148 1026 2233 scripturis
1042 2148 1122 2233 ipsis
1138 2168 1266 2234 quoque
1282 2146 1537 2211 aLindemauuo

240 2250 350 2336 petitis
371 2248 519 2336 adposui.
563 2248 784 2313 Lindemanni
807 2248 982 2313 editionem
1005 2257 1119 2335 postea
1145 2250 1300 2335 repetivit
1327 2247 1536 2331 Krehlius,

240 2352 297 2436 qui
318 2351 352 2413 in
375 2350 590 2437 prioreparte
608 2347 685 2413 libri
703 2351 801 2415 etiam
813 2349 1003 2415 hlonacensi
1019 2349 1128 2436 aliquo
1145 2350 1257 2415 codice
1273 2349 1325 2415 vel
1343 2352 1538 2435 fragmento,

239 2459 277 2515 ut
297 2452 369 2537 ipse
389 2450 520 2534 scribit,
542 2449 726 2516 collationis
745 2452 952 2517 Monacensis
971 2473 1050 2516 usus
1072 2461 1132 2515 est.

325 2552 478 2639 Denique
499 2552 604 2617 adieci
626 2550 774 2617 libellum
796 2554 843 2619 de
866 2552 1123 2635 accentibus,
1145 2555 1202 2641 qui
1225 2552 1386 2619 Prisciani
1409 2553 1538 2617 nornine

240 2656 420 2740 inscriptus
443 2654 563 2736 fertur,
585 2676 784 2742 quamquam
805 2678 878 2720 eum
900 2677 965 2720 non
989 2677 1062 2720 esse
1078 2677 1097 2718 a
1113 2654 1283 2720 Prisciano
1300 2656 1456 2740 scriptum
1474 2677 1537 2720 non

240 2765 320 2844 puto
343 2756 442 2841 longa
463 2756 683 2843 disputatione
706 2756 964 2822 confirmandum
988 2777 1070 2821 esse.
1116 2779 1191 2820 nam
1220 2779 1286 2822 non
1312 2756 1417 2821 solum
1445 2779 1538 2822 omne

240 2856 372 2922 dicendi
387 2879 492 2944 genus
515 2859 557 2922 ab
579 2858 642 2922 hoc
660 2860 874 2944 grammatico
894 2881 1028 2945 prorsus
1051 2858 1208 2942 alienum,
1229 2881 1270 2924 ne
1288 2858 1393 2924 dicam
1409 2859 1489 2924 rude
1507 2867 1539 2922 et

241 3099 348 3164 scripsi.
385 3099 432 3149 ‘In
445 3098 596 3149 Germania
612 3098 701 3148 multa
718 3101 888 3150 monasteria
906 3105 970 3150 sunt
987 3099 1165 3150 bibliothecis
1177 3098 1308 3150 librorum
1318 3101 1478 3150 Latinorum
1497 3115 1536 3149 re-

241 3183 326 3233 ferta:
345 3198 415 3248 quae
433 3199 478 3232 res
495 3199 571 3248 spem
590 3182 656 3232 mihi
674 3183 778 3246 attulit,
798 3184 906 3249 aliquos
919 3184 1048 3234 librorum
1063 3183 1213 3248 Ciceronis,
1227 3185 1368 3248 Varronis,
1383 3185 1457 3234 Livii
1471 3184 1537 3234 alio-

240 3281 353 3334 rumque
371 3267 592 3318 doctissimorum
610 3268 738 3331 virorum,
758 3271 805 3333 qui
823 3269 940 3319 extincti
959 3269 1070 3334 penitus
1089 3284 1150 3320 esse
1168 3270 1305 3332 videntur,
1324 3269 1360 3318 in·
1371 3268 1460 3319 lucem
1474 3285 1536 3319 vcn-

242 3357 326 3415 turos,
346 3354 371 3401 si
390 3356 523 3402 accuratu
540 3353 723 3418 investigatio
741 3355 928 3405 adhiberetur.
957 3369 1020 3402 nam
1035 3368 1095 3402 cum
1108 3352 1151 3403 his
1163 3354 1296 3418 proximis
1309 3353 1406 3404 diebus
1420 3369 1453 3404 er
1466 3369 1537 3404 com-

239 3438 345 3502 posito,
365 3437 441 3486 lama
460 3436 649 3488 bibliothecae
667 3438 771 3502 allecti,
791 3455 847 3488 una
866 3453 927 3488 cum
940 3437 1045 3502 Poggio
1064 3441 1146 3502 atque
1161 3437 1372 3488 Bartholomaco
1385 3437 1537 3503 hlontepul-

241 3523 322 3570 ciano
342 3521 377 3570 ad
395 3521 523 3586 oppidum
542 3520 569 3569 S.
589 3520 663 3570 Galli
681 3523 899 3586 devenissemus,
918 3522 1118 3572 bibliothecam
1135 3523 1253 3587 ingressi
1271 3523 1380 3572 Iasonis
1398 3523 1537 3588 Argonau-

241 3607 316 3655 ticon
329 3621 346 3655 u
359 3605 390 3654 C.
403 3604 515 3655 Valerio
527 3605 631 3654 Flacco
644 3606 747 3655 editum
761 3608 929 3657 carminibus
947 3606 1095 3656 luculentis
1115 3611 1198 3671 atque
1216 3607 1347 3670 gravibus
1361 3622 1378 3656 a
1390 3608 1537 3656 maiestate

240 3690 358 3740 metrica
375 3689 487 3739 minime
506 3689 719 3740 abhorrentibus
737 3690 904 3740 invenimus:
925 3692 1025 3742 deinde
1045 3697 1209 3756 nrgmnenta
1228 3693 1363 3756 quaedam
1375 3691 1466 3741 soluta
1478 3707 1537 3741 ora·

240 3775 316 3825 tione
336 3774 466 3824 coniecta
483 3789 565 3839 super
583 3774 689 3839 aliquot
701 3775 845 3826 Ciceronis
864 3775 1043 3838 orationibus,
1064 3792 1098 3826 ex
1111 3776 1209 3839 quibus
1221 3775 1301 3826 multi
1314 3788 1459 3826 causarum
1471 3776 1538 3826 ritus

240 3859 397 3922 multaeque
416 3859 519 3908 veteris
537 3859 659 3908 instituti
677 3860 813 3924 puritates
831 3866 928 3925 aperte
947 3860 1077 3926 cognosci
1095 3865 1217 3924 possunt.
1253 3863 1378 3924 repertus
1396 3865 1438 3911 est
1456 3861 1539 3910 etiam

240 3942 312 3992 liber
329 3942 439 4008 quidam
458 3942 595 3992 volumius
613 3958 721 4007 parvus,
741 3944 932 4009 magnitudine
952 3950 1044 3994 autem
1063 3943 1237 4010 eloquentiae
1257 3945 1474 4010 prudentiaeque
1493 3961 1538 3994 ex·

242 4027 471 4086 callentissimus,
495 4027 661 4078 Lactantius
684 4029 796 4079 scilicet
818 4030 852 4078 de
877 4035 991 4094 utroque
1015 4027 1139 4090 homine,
1164 4029 1211 4078 ubi
1234 4029 1316 4094 plane
1335 4012 1439 4079 reiellit
1457 4045 1538 4078 sensa

242 4125 349 4174 corum,
375 4111 420 4176 qui
448 4111 595 4160 humanum
619 4112 807 4162 conditionem
830 4112 984 4163 belluarum
1007 4117 1082 4163 statu
1106 4112 1278 4163 humiliorem
1305 4113 1537 4178 deiectionemque

242 4201 413 4246 asseverant.
448 4195 521 4244 inter
544 4211 610 4259 quos
627 4196 768 4247 Vitruvius
793 4197 826 4247 de
851 4197 1038 4247 architectura
1062 4203 1145 4263 atque
1163 4197 1323 4247 Priscianus
1341 4199 1538 4261 grammaticus

241 4280 377 4346 quaedam
389 4279 500 4344 Virgilii
513 4281 637 4330 carmina
650 4288 837 4331 commentans
857 4283 962 4338 inventi
980 4287 1050 4331 scrut
1083 4287 1144 4332 erat
1161 4285 1307 4346 praetereo
1325 4281 1353 4330 in
1371 4281 1422 4331 illa
1440 4281 1537 4331 biblio-

240 4365 326 4414 theca
342 4363 415 4414 liber
432 4363 541 4429 quidam
561 4381 594 4414 ax
612 4365 762 4416 corticibus
780 4366 919 4415 arborum:
946 4367 992 4430 qui
1011 4365 1130 4416 cortices
1148 4367 1249 4416 Latino
1268 4381 1392 4415 sermone
1411 4366 1475 4416 libri
1492 4381 1537 4416 vo-

242 4454 355 4504 cantur,
380 4448 464 4510 unde,
491 4449 718 4513 quemadmodum
742 4449 816 4514 apud
833 4450 1030 4514 Hieronymum
1056 4457 1111 4514 est,
1137 4451 1202 4501 libri
1224 4466 1300 4501 suum
1324 4465 1424 4500 nomen
1447 4427 1539 4515 adepti

242 4538 313 4583 siunt.
349 4533 374 4582 is
392 4547 562 4598 quamquam*
575 4549 629 4584 non
649 4534 792 4584 admodum
805 4535 938 4585 bonarum
951 4534 1146 4599 scripturarum
1159 4536 1278 4585 refertus
1291 4535 1441 4600 plenusque
1456 4539 1536 4597 esset,

241 4621 337 4667 tamen
359 4623 471 4682 propter
493 4616 570 4666 illam
593 4622 719 4668 sanctam
742 4619 980 4683 incorruptamque
1003 4621 1171 4670 vetustatem
1189 4635 1294 4670 summa
1313 4633 1373 4670 curn
1392 4619 1537 4671 devotione

241 4701 401 4766 complexus
418 4715 486 4752 sum.
524 4702 619 4752 horum
636 4702 746 4768 quidem
764 4702 883 4754 omnium
902 4703 1033 4754 librorum
1052 4703 1178 4770 exempla
1195 4702 1346 4758 habemns'.
