3400 5325
410 236 661 306 Plurtttttutts
683 239 736 306 ΧΗ
760 235 867 304 tatas.
891 234 974 304 AEN.
997 236 1058 304 xu.
1080 247 1228 309 nnn—ens
1405 238 1465 304 515

222 372 245 412 p.
259 360 362 401 rasa-ae
375 359 399 400 r.
1251 370 1274 410 μ.
1285 358 1330 400 aar.
1347 359 1373 400 ss
1387 359 1415 400 a.

169 430 329 492 Martiatica
352 430 498 491 dicuntur.
543 429 612 490 inde
634 429 780 489 derivatur
803 428 889 490 etiam
912 428 1042 502 Mavors,
1063 449 1097 489 ex
1117 449 1174 507 quo
1191 429 1358 490 Mavortius.
1394 430 1464 490 dici-

169 540 218 592 tur
242 541 338 593 tamen
359 531 515 611 Maspitcr,
540 530 641 591 llartis
662 538 759 610 pater,
792 530 940 608 quomode
964 529 1125 609 Diespiter,
1147 531 1204 591 hoc
1226 538 1271 591 est
1293 531 1349 591 diei
1372 540 1465 610 pater,

169 633 310 712 luppiter.
354 633 403 693 hic
423 640 453 692 et
473 633 548 692 haec
569 631 709 692 Martialis
728 639 756 690 et
778 632 835 692 hoc
854 631 999 692 Martiale:
1023 639 1120 710 potest
1142 639 1240 692 tamen
1264 640 1292 692 et
1314 633 1465 712 proprium

171 753 237 794 esse
265 733 414 794 Martialis.
459 733 536 804 uuit
564 732 686 794 interest
716 733 793 792 inter
827 733 977 812 proprium
1007 731 1145 792 llartialis
1179 741 1207 792 et
1237 731 1462 812 appellativum?
1482 741 1533 796 aad

149 834 275 909 sQuod,
298 834 322 895 si
347 834 498 914 proprium
520 834 573 908 sit,
594 833 788 894 masculinum
804 843 851 894 est
872 843 901 894 et
923 833 1078 894 ablativum
1101 833 1131 892 in
1155 854 1170 893 c
1191 835 1343 909 terminat;
1366 835 1390 896 si
1414 854 1462 896 au·
1566 825 1569 832 ’

170 944 230 995 tem
259 935 464 1014 appellativum
493 935 547 1007 sit,
577 953 733 995 commune
757 942 803 996 est
827 944 856 994 et
873 935 1040 1001 ablativum
1060 935 1089 994 in
1113 935 1121 994 i
1145 935 1296 1010 terminat,
1319 936 1465 1013 quornodo

171 1036 314 1097 luvenalis
336 1035 425 1096 Felix.
461 1037 521 1098 Cur
534 1036 612 1096 llars
627 1035 727 1095 llartis
748 1034 836 1096 lacit?
857 1025 944 1106 'Quia
968 1037 997 1097 in
1012 1035 1038 1095 ls
1061 1015 1104 1096 vel
1127 1055 1163 1096 ns
1185 1036 1228 1096 rel
1249 1055 1280 1096 rs
1303 1027 1463 1098 desinentia

170 1136 344 1217 interposita
370 1137 391 1196 ti
419 1137 530 1198 laciuut
559 1137 740 1214 genetivum,
769 1146 800 1197 ut
829 1137 897 1216 puls
924 1136 1030 1217 pultis,
1055 1155 1138 1197 mons
1161 1137 1286 1211 montis,
1315 1157 1362 1199 ars
1384 1139 1464 1212 artis,

172 1238 301 1318 exceptis
328 1239 508 1299 differentiae
532 1257 620 1300 causa
644 1239 739 1306 frons,
769 1238 886 1316 quando
914 1237 1013 1300 lolium
1038 1238 1196 1316 signifieat,
1216 1239 1327 1298 frondis
1348 1238 1352 1319 Ι
1372 1242 1465 1322 [leons

137 1339 381 1418 reenimcapitis
400 1340 517 1415 frontis)
539 1348 568 1399 et
587 1339 667 1412 lens,
692 1340 810 1417 quando
830 1339 927 1419 pullos
950 1339 1151 1420 pediculorum
1172 1340 1330 1417 signiticat,
1355 1340 1465 1416 lendis;

172 1441 289 1519 quando
321 1450 419 1502 autem
453 1442 599 1518 significat
630 1441 781 1519 legumen,
811 1441 876 1500 lens
904 1441 999 1502 lentis.
1044 1449 1195 1520 praeterea
1226 1440 1309 1518 glans
1338 1440 1461 1519 glandia,
1482 1449 1532 1499 227

172 1543 256 1603 cuius
278 1542 395 1619 quidam
416 1540 622 1603 nominativum
645 1551 675 1602 et
693 1543 859 1620 genetivum
883 1541 1006 1602 similem
1030 1561 1096 1602 esse
1115 1541 1278 1602 voluerunt.
1323 1542 1464 1622 libripens

172 1661 299 1721 quoque,
313 1644 379 1720 quia
395 1663 411 1703 a
425 1644 521 1722 pende
533 1645 622 1704 verim
639 1643 832 1722 componitur,
851 1650 1063 1702 consonantem
1083 1642 1162 1703 verbi
1179 1643 1311 1717 servavit,
1326 1643 1465 1723 libripen-

172 1744 227 1803 dis.
259 1750 409 1822 praeterea
427 1764 444 1804 a
463 1744 552 1804 corde
571 1743 733 1824 composita
754 1744 772 1802 d
791 1743 901 1821 habent
917 1743 947 1804 in
970 1744 1104 1820 genetivo
1120 1745 1282 1805 servendum
1299 1745 1464 1822 genetivum

137 1864 164 1903 ιε
174 1844 334 1924 simplicis,
357 1863 482 1905 concors
503 1844 673 1916 concordis,
696 1844 810 1904 discors
833 1844 994 1918 discordis,
1017 1863 1121 1905 vecors
1144 1843 1285 1906 vecordis.

256 1946 417 2006 Latinos
452 1964 527 2023 quae
554 1964 623 2025 pars
656 1945 796 2006 orationis
828 1944 894 2006 est‘t
938 1945 1060 2006 Nomen.
1107 1944 1218 2016 Quale?
1257 1946 1532 2019 De1·ivativunv,a·23

172 2047 290 2124 generis
321 2047 492 2118 mascelini,
528 2047 639 2108 numeri
671 2046 844 2125 singularis,
877 2048 987 2124 figurae
1016 2046 1166 2126 simplicis.
1213 2047 1303 2109 Cuius
1334 2045 1492 2126 speciei?-

172 2147 360 2210 llevirativae.
405 2156 503 2228 potest
523 2157 619 2208 tamen
639 2167 706 2209 esse
726 2157 756 2208 et
773 2148 924 2228 proprium
941 2145 954 2230 ΙΙ
969 2149 1075 2242 Γεὲζίεμι
1085 2149 1180 2208 soceri
1202 2149 1331 2222 Aeneae,
1352 2157 1380 2208 et
1396 2167 1466 2227 gen·
1505 2179 1508 2184 ·

173 2249 223 2310 tile
251 2269 266 2308 a
294 2247 377 2309 Latio
402 2249 541 2323 Latinus,
565 2258 595 2309 et
617 2251 833 2329 possessivum,
863 2248 984 2310 Latinus
1006 2267 1083 2327 ager.
1128 2249 1243 2310 Latium
1267 2258 1364 2310 autem
1386 2250 1466 2310 vela

139 2350 293 2410 nolatendo
314 2350 359 2409 vel
382 2369 398 2410 a
420 2351 572 2410 latitudine
593 2357 640 2410 est
660 2351 851 2411 nominatum.
897 2370 913 2412 a
934 2351 1038 2411 Latine
1062 2351 1218 2428 Latinitas,
1247 2371 1262 2412 a
1282 2350 1364 2411 laatio
1390 2352 1466 2412 deri-

174 2460 257 2512 vatur
282 2451 370 2512 etiam
392 2451 494 2512 Latius
520 2459 550 2511 et
572 2451 706 2512 Latiaris.
750 2452 809 2512 Fac
838 2451 1041 2531 compositum.
1086 2453 1273 2530 lintinigenm
1303 2447 1466 2535 quodmodo

173 2552 338 2630 Troiugena
367 2552 539 2630 Graiugena.
584 2553 637 2612 sed
662 2553 691 2612 in
720 2552 763 2612 eis
790 2553 948 2628 geminatio
977 2553 985 2612 i
1014 2554 1135 2614 mutavit
1163 2562 1334 2632 sequentem
1367 2555 1424 2614 iin
1449 2576 1466 2616 u

173 2653 349 2717 alternitatis
369 2672 458 2715 causa
474 2674 528 2734 pre
543 2653 698 2732 'lroiigeua
717 2664 747 2713 et
761 2653 914 2731 Graiigena
930 2653 1096 2732 Troiugena
1107 2664 1143 2715 et
1161 2655 1323 2733 Graiugeua
1346 2655 1465 2717 iaciens.

244 2892 260 2940 2
279 2891 368 2940 martis
389 2900 461 2956 puter
479 2890 513 2948 G,
530 2905 575 2939 om.
592 2889 632 2940 CS
648 2890 721 2952 quasi
740 2888 808 2938 llam
826 2899 930 2954 patera
1001 2890 1017 2937 4
1038 2878 1142 2939 interest
1161 2888 1201 2940 OS
1218 2901 1256 2942 est
1276 2892 1297 2941 G
1370 2890 1401 2940 10
1421 2908 1467 2958 pe-

175 2960 317 3010 diculorum
339 2960 361 3009 G
386 2960 607 3025 peduculoromS
633 2960 818 3023 pudueulorum
837 2959 858 3007 0
878 2958 1041 3023 peduclouun
1060 2959 1084 3006 J,
1173 2959 1205 3009 ta
1230 2961 1342 3009 seruabit
1368 2963 1388 3011 G

176 3045 299 3082 enisurum
322 3044 481 3079 cnauuurrcv
504 3044 582 3079 svvnn
605 3043 641 3079 nu
666 3043 762 3077 naeuos
779 3044 875 3077 vauses
894 3042 1016 3079 anvarnus
1042 3043 1158 3079 carrucis
1176 3045 1318 3079 anaor-arus
1338 3046 1466 3081 nurerum·

175 3114 228 3149 rvvu
249 3099 270 3147 G
290 3114 420 3149 summme
438 3114 522 3149 scater
541 3114 658 3155 onsurou
678 3112 750 3147 novur
770 3113 802 3146 ac
823 3112 947 3149 aaronem
965 3096 986 3144 S
