3400 5325
267 253 331 314 ate
819 253 1005 315 eniserunt

317 367 488 419 plattam.
1359 369 1515 422 prosse.

216 449 250 498 'tu
355 440 463 500 Asiae
482 423 564 519 lpuae‘
579 458 648 518 pars
670 439 811 500 orationis
834 439 900 500 est?
933 439 1055 500 Nomen.
1102 441 1216 510 Quale?
1254 441 1419 520 Proprium.
1464 439 1571 499 omnia

266 541 343 600 euim
367 541 484 601 nomina
505 540 720 619 provinciarum
739 548 768 600 et
788 541 903 601 urlrium
926 551 954 601 et
974 543 1115 603 montium
1136 551 1164 602 et
1183 544 1335 604 duriorum
1359 549 1385 600 el
1410 541 1570 601 hominum

266 651 294 701 et
314 642 436 702 deorum
455 640 498 701 rel
516 641 637 702 aliarum
658 661 758 702 rerum
778 643 992 703 individuarum
1012 643 1129 723 propria
1148 653 1225 704 sunt
1258 644 1348 704 (lidus
1366 655 1411 702 est
1431 640 1571 720 speciei?

266 743 440 803 l'n'mitirae.
485 743 543 802 Fae
567 743 603 802 ab
629 761 664 802 eo
687 743 896 805 derivativum:
931 745 1016 805 Asius
1045 744 1110 806 Asia
1140 745 1248 806 Asium.
1293 762 1348 804 nec
1370 744 1486 804 minim.
1532 744 1568 803 in

266 843 367 906 inultis
389 844 466 904 enim
489 844 703 922 provinciarum
727 845 895 906 nominibus
919 845 1031 906 invenis
1053 845 1157 906 similia
1180 865 1246 908 esse
1265 831 1418 906 derivativa
1438 845 1597 924 primiti-s

266 945 310 1005 ris
338 954 368 1005 et
395 944 568 1024 appellativa
598 945 740 1024 propriis,
769 955 801 1006 ut
829 945 918 1007 ltahrs
955 947 1105 1026 proprium
1135 955 1180 1008 est
1208 957 1237 1008 et
1266 947 1383 1025 gentile.
1429 945 1569 1006 similiter

217 1051 248 1098 7⁴
269 1046 387 1106 llauaus
410 1045 531 1108 Latinus
555 1045 703 1125 llispanus
726 1045 843 1107 Siculus
866 1057 895 1108 et
917 1049 1050 1108 Sicanos.
1096 1047 1194 1110 llicet
1217 1048 1294 1108 aliud
1315 1047 1502 1108 eleriratirum
1525 1047 1567 1106 ab

267 1168 302 1206 eo
323 1147 400 1225 qirrid
424 1155 470 1207 est
491 1147 566 1207 Asia.
610 1147 737 1208 Asianus
763 1155 793 1208 et
814 1147 968 1208 Asiaticus
1014 1159 1042 1210 et
1067 1147 1190 1210 invicem
1218 1169 1306 1230 supra
1330 1149 1406 1209 dicta
1430 1149 1483 1208 tria
1508 1169 1566 1228 pro

235 1319 251 1346 ὁ
267 1269 334 1309 sese
362 1249 485 1328 proferri
514 1257 649 1327 possunt.
695 1249 812 1327 proprie
842 1257 939 1310 autem
969 1249 1055 1310 Asius
1090 1251 1290 1331 possessivum
1321 1259 1379 1323 est,
1409 1249 1534 1309 Asianus
1559 1247 1564 1330 Ι

266 1349 391 1426 gentile,
415 1350 559 1410 Asiaticus
577 1350 723 1410 victoriae.
769 1352 860 1412 Cuius
882 1351 1085 1412 declinationis
1105 1362 1149 1412 est
1165 1350 1252 1412 Asia?
1274 1351 1396 1412 Primae.
1443 1349 1565 1420 Quare?
1578 1363 1601 1398 ¹⁰

268 1451 343 1521 Quia
371 1452 468 1510 oinnia
491 1452 521 1512 iu
548 1470 565 1511 a
593 1451 755 1511 desinentia
784 1452 944 1512 masculina
968 1452 1012 1512 rel
1038 1452 1176 1513 lerninina
1199 1453 1243 1513 rel
1266 1451 1430 1513 communia
1450 1453 1565 1530 primae

218 1562 251 1610 75
269 1561 338 1614 sunt
359 1550 572 1614 declinationis.
617 1554 691 1625 Cer,
715 1571 782 1612 eum
804 1553 966 1614 litterarum
990 1552 1069 1613 nulla
1089 1554 1209 1614 mutatio
1230 1552 1322 1636 falieta
1346 1555 1398 1624 sit,
1422 1561 1565 1614 accentus

268 1651 418 1714 mutatur'l
457 1655 531 1723 Quia
552 1673 569 1714 a
592 1654 687 1714 dualis
705 1654 783 1733 apud
808 1655 936 1714 Graecos
958 1653 1144 1733 producitur,
1173 1654 1249 1733 apitrd
1272 1673 1327 1714 nos
1350 1662 1484 1732 correpta
1507 1664 1563 1726 est,

268 1764 409 1814 accentus
439 1773 555 1832 neroque
581 1755 658 1834 apud
688 1773 743 1814 uos
771 1755 893 1816 rnutmio
916 1757 990 1816 laeto
1015 1763 1068 1816 est.
1114 1756 1170 1815 hoe
1191 1763 1287 1816 tamen
1311 1755 1387 1816 scire
1409 1755 1563 1825 debemus,

268 1857 363 1933 estod,
387 1856 448 1916 sire
470 1855 611 1935 temporis
633 1857 693 1916 sire
716 1857 877 1918 litteramm
905 1859 954 1918 liat
976 1858 1005 1917 iu
1029 1856 1205 1917 nominatim
1228 1857 1433 1928 sniumundo,
1457 1856 1599 1916 meliosu

268 1957 402 2029 iacimus,
418 1958 442 2016 si
459 1966 612 2019 accentum
630 1958 666 2016 ad
680 1957 866 2019 Latinitatem
883 1958 1073 2038 prolerinms,
1098 1957 1226 2036 exceptis
1242 1959 1463 2036 patronymicis,
1488 1976 1565 2033 quae

270 2077 322 2136 per
350 2077 453 2118 omtres
479 2077 566 2118 casus
592 2059 684 2136 magis
706 2058 884 2120 Graecorum
907 2059 960 2119 silri
985 2059 1146 2119 detendunt
1168 2067 1335 2130 accentum,
1357 2059 1423 2136 orda
1445 2067 1565 2118 serrant

269 2159 414 2219 Graecum
435 2159 661 2232 nominativum,
682 2169 713 2220 ut
734 2160 895 2221 Priamides
920 2161 1090 2222 Priamidae.
1134 2160 1202 2220 licet
1220 2167 1315 2220 tamen
1341 2161 1427 2220 etiam
1450 2157 1478 2218 in
1504 2159 1563 2219 illis

269 2268 422 2321 accentum
441 2279 557 2320 serrare
579 2259 733 2333 Latinum,
755 2279 912 2338 quaecum
936 2262 993 2322 sint
1010 2262 1135 2334 Graeca,
1159 2280 1217 2322 non
1240 2269 1335 2320 tamen
1352 2259 1444 2321 aliena
1462 2260 1563 2320 riden-

269 2369 318 2420 tur
346 2361 481 2422 formulis
513 2362 749 2422 terminationem
779 2363 962 2435 Latinarum,
992 2371 1024 2422 ut
1051 2365 1160 2424 Creusa
1192 2363 1345 2423 Aretlursa.
1390 2379 1464 2438 qtldc
1493 2375 1598 2421 curarat

270 2461 374 2522 latine
397 2464 603 2541 proferuntur,
625 2462 693 2522 lieet
715 2482 748 2522 ea
763 2464 794 2524 in
817 2463 994 2524 nominativo
1015 2465 1101 2524 etiarn
1124 2463 1315 2524 circumflecti
1335 2463 1365 2522 iu
1384 2462 1564 2542 paenultima

269 2562 388 2642 syllaba.
433 2583 492 2624 non
520 2573 566 2624 est
592 2573 689 2624 tamen
717 2564 895 2636 alisurdum,
926 2564 949 2626 si
976 2565 1119 2625 Graecum
1147 2570 1300 2624 accentum
1325 2564 1506 2625 messuimus
1532 2565 1563 2624 in

269 2666 448 2727 nominativo
468 2666 626 2727 dumtaxat.

220 2784 254 2835 76
356 2783 489 2845 Priami
514 2802 588 2861 quae
611 2804 679 2864 pars
702 2784 842 2846 orationis
864 2784 931 2846 est?
958 2782 1079 2845 Nomen.
1126 2784 1237 2856 Quale?
1267 2784 1429 2865 Proprium.
1471 2786 1561 2846 Cuius

268 2892 314 2943 est
334 2883 470 2962 speciei?
502 2885 680 2945 llerirativae
700 2876 832 2945 ἀπὸτοῦ
854 2888 1009 2965 πρίασθαι.
1054 2888 1112 2947 Fac
1134 2886 1170 2947 ab
1189 2906 1224 2945 en
1246 2876 1445 2947 ‹terti-arinini.
1488 2877 1595 2947 Pes-as

244 2986 412 3046 ·sessirum
428 2986 588 3047 Priameius
612 2988 753 3048 Priameia
777 2988 968 3061 Priameium,
992 2988 1223 3067 patronymicum
1245 2987 1406 3048 Priamides
1428 2989 1561 3049 Priamis.

269 3088 359 3147 Cuius
381 3096 427 3149 est
446 3086 584 3164 generis?
620 3088 787 3163 Messalini,
815 3090 929 3150 numeri
956 3089 1126 3167 singularis,
1156 3092 1265 3167 ligurae
1295 3078 1451 3169 siurplieiS,
1475 3110 1561 3151 casus

268 3188 409 3265 genetivi,
432 3188 635 3249 declinationis
651 3191 807 3251 secundae.
842 3190 964 3261 Quare?
995 3192 1068 3261 llnia
1091 3192 1188 3251 onrriia
1211 3192 1328 3252 nomina
1351 3192 1562 3268 cuiuscumque

268 3290 384 3365 generis
412 3289 489 3369 apud
513 3290 641 3351 Graecos
666 3292 696 3351 in
722 3314 754 3361 ος
778 3292 941 3353 desinentia
965 3292 1143 3353 nominativo
1167 3290 1242 3372 apud
1266 3312 1321 3353 nos
1341 3301 1455 3352 mutant
1476 3312 1509 3363 ος
1532 3294 1561 3351 in

269 3410 303 3450 us
340 3398 370 3450 et
398 3391 546 3451 secundae
573 3402 642 3453 stmt
668 3393 887 3465 declinationis,
917 3402 949 3453 ut
977 3394 1112 3471 Πρίαμος
1143 3393 1274 3455 Priamus
1307 3394 1428 3466 Priami,
1463 3395 1594 3467 Kopogao

267 3493 360 3570 Cyrus
377 3493 459 3570 Cyri,
475 3486 597 3571 Κύπρος
612 3494 725 3572 Cyprus
741 3495 842 3573 Cypri,
864 3492 967 3567 Πύλος
983 3495 1068 3573 l'plus
1085 3496 1159 3574 epi,
1175 3496 1300 3573 πέλαγός
1316 3495 1438 3574 pelagus
1456 3496 1559 3575 pelagi.

267 3612 334 3653 nam
366 3612 459 3671 genus
490 3612 599 3671 genero
620 3595 713 3672 magis
739 3596 873 3657 Latinum
897 3606 952 3669 est,
976 3596 1123 3674 quomodo
1146 3616 1253 3658 munus
1276 3615 1408 3657 munero.
1453 3598 1561 3675 quibus

266 3696 344 3755 euim
365 3696 567 3756 huiuscemodi
589 3696 721 3757 adiacent
742 3697 844 3770 sorba,
868 3698 931 3757 sine
948 3698 1037 3759 (lubio
1059 3700 1159 3759 Latina
1178 3706 1253 3758 sunt.

216 3833 249 3884 Π
354 3817 429 3884 Quo
451 3834 526 3891 (prae
547 3834 616 3894 pars
639 3815 778 3876 orationis
801 3814 867 3876 est‘l
889 3816 1072 3877 Coriiunclio.
1120 3818 1209 3877 Cuius
1233 3816 1385 3895 potestatis
1406 3814 1472 3899 est?
1506 3819 1562 3877 lirr-

266 3916 427 3996 pulatirae‚
456 3914 566 3975 ordinis
588 3917 787 3995 postpositiri.
816 3919 926 3994 figurae
953 3918 1103 3997 simplicis.
1149 3918 1206 3979 Fac
1234 3918 1270 3979 ab
1295 3919 1590 4015 copornposituurm

334 4152 350 4203 3
373 4154 412 4201 vel
431 4153 537 4201 aliarum
563 4168 648 4201 rerum
671 4154 860 4203 individuarum
881 4170 927 4205 orn.
945 4152 964 4201 S
1033 4156 1050 4203 4
1068 4156 1210 4219 primitiuae
1229 4156 1271 4205 Cu
1291 4156 1415 4219 proprie.
1437 4162 1474 4203 est
1494 4156 1559 4202 eninr

265 4224 401 4287 eproprio
422 4222 520 4271 osioS
588 4226 675 4289 llpro
695 4222 786 4273 seseS
809 4238 855 4288 pro
875 4224 1022 4288 possessiua
1042 4224 1061 4273 e
1085 4240 1130 4289 pro
1154 4224 1351 4290 possessiuisd'
1423 4224 1560 4288 llproprie.

264 4302 348 4340 autem
370 4292 440 4340 usius
460 4302 484 4339 et
504 4292 624 4341 nsiutieus
644 4294 790 4357 possessiua
807 4304 866 4340 suut
887 4294 1050 4342 inueniuntur
1069 4300 1153 4343 aulem
1173 4294 1235 4342 hoec
1254 4292 1343 4341 eudem
1364 4294 1437 4341 etium
1458 4294 1559 4357 propria

263 4368 290 4409 ut
309 4361 390 4427 scipio
408 4361 529 4410 asiaticus
552 4364 701 4424 possessiua
723 4370 781 4410 suut
800 4363 905 4411 asianus
927 4364 1058 4425 (assianus
1078 4364 1098 4413 0
1129 4364 1222 4429 gentile
1242 4364 1362 4411 nsiotieus
1378 4363 1499 4410 uictoriae
1518 4362 1559 4411 CG

352 4432 383 4481 lu
402 4432 516 4494 exceptis
537 4432 718 4494 patrouomieis
738 4445 802 4493 qrroe
821 4431 841 4479 S
860 4434 1032 4496 putrouomiea
1050 4433 1092 4482 CG
1185 4433 1212 4481 li
1234 4434 1293 4493 ‹pda
1314 4442 1418 4481 seruant
1437 4431 1558 4479 Graecum

263 4499 550 4549 nomunnumnom.s
619 4502 652 4548 ao
671 4501 805 4549 latinorum
825 4500 869 4551 GS
940 4509 965 4548 ut
983 4503 1078 4551 Creusa
1099 4502 1224 4551 Aretlrusu
1242 4518 1288 4552 orn.
1310 4502 1352 4551 CG
1422 4502 1451 4547 21
1476 4499 1558 4564 prole-

262 4581 352 4617 ruutur
371 4568 392 4616 S
409 4566 571 4633 proferantur
587 4568 609 4617 G
627 4570 809 4635 proferaturG
856 4573 879 4619 in
900 4572 1039 4635 prurrltima
1053 4599 1084 4607 —
1097 4574 1131 4621 '22
1147 4572 1285 4621 absurdum
1303 4568 1382 4621 om.S
1433 4571 1467 4617 ‘22
1487 4566 1518 4633 si]
1536 4578 1559 4616 et

262 4638 284 4686 si
304 4638 325 4686 G
344 4649 368 4685 et
386 4638 461 4686 eieG
485 4638 506 4685 si
523 4642 712 4701 superscripto
734 4640 795 4688 etS
866 4648 889 4687 et
909 4642 1106 4691 sei·uabirnus·0
1174 4644 1208 4690 32
1227 4638 1492 4706 genusogcueroS

262 4721 355 4754 munus
373 4721 388 4753 a
407 4722 512 4755 munero
527 4706 547 4754 S
843 4722 855 4729 ·
