3400 5325
228 268 289 332 ato
723 238 1024 336 emsenmtusr.

279 401 300 442 p.
316 389 372 430 nro.
387 388 410 429 n
427 387 449 431 a.
1313 401 1334 443 p.
1349 388 1394 432 na.
1406 389 1432 432 ss
1445 388 1471 432 a.

227 461 417 541 praeteritum
446 458 512 522 ideo
538 459 662 532 habent,
696 477 872 538 quamquam
900 479 934 522 ea
962 459 1122 522 debeamus
1150 479 1253 534 orare,
1286 479 1362 539 quae
1391 461 1524 522 nondum

228 561 350 634 suerint,
375 561 441 638 quia
462 579 551 639 saepe
574 561 670 621 evenit
692 560 796 622 abesse
816 581 883 636 eos,
910 581 964 641 pro
987 562 1094 640 quibus
1114 580 1234 623 oramus
1259 571 1288 623 et
1309 570 1461 641 optamus,
1488 571 1524 622 ut

229 663 258 722 id
277 662 332 723 illis
352 663 409 722 iam
431 663 593 743 perfeetum
616 663 669 736 sit,
692 662 770 740 quod
790 663 942 742 cupimus,
965 671 997 724 ut
1014 663 1137 724 ‘utinam
1152 663 1230 726 iilius
1247 682 1347 738 meus,
1371 663 1421 741 qui
1434 664 1523 724 Attie-

229 763 275 824 nis
298 771 360 838 est,
389 763 493 824 doetus
515 764 611 824 esset’
634 763 680 824 vel
703 765 734 824 ‘t
753 763 759 776 '
796 769 855 836 et',
884 764 914 824 id
941 772 986 824 est
1007 764 1137 825 ‘utinam
1160 766 1290 845 perfecta
1310 764 1340 824 in
1362 764 1428 844 ipso
1450 764 1523 824 doo-

178 873 211 923 78
230 863 322 946 triilna
345 864 397 939 sit,
433 865 543 926 utinam
566 783 831 942 eognoscam'id
851 864 893 926 itti
915 866 1070 927 evenisse’.
1116 873 1162 952 est
1180 874 1279 926 autem
1300 866 1418 944 quando
1439 873 1551 944 opta-s

229 967 286 1026 tivo
307 966 417 1027 utimur
431 964 587 1046 'praeteriti
606 965 762 1045 temporis,
786 965 935 1040 dolentes,
959 967 1037 1044 quod
1058 985 1117 1027 non
1139 968 1321 1039 fanumst,
1346 975 1379 1028 ut
1398 968 1524 1028 ‘utinam

227 1068 363 1130 homines
384 1075 487 1128 eontra
508 1085 541 1128 se
563 1068 673 1128 terrum
695 1085 754 1126 non
776 1067 954 1156 movissent,
977 1067 1087 1129 utinam
1110 1087 1190 1129 mare
1210 1087 1370 1146 numquam
1388 1070 1523 1146 navigas-

229 1171 306 1230 sent’
323 1177 352 1229 et
368 1168 483 1230 similia.
528 1171 571 1228 ‘o'
594 1169 679 1230 etiam
700 1168 870 1230 adverbium
894 1176 923 1230 et
943 1168 993 1230 ‘si’
1017 1169 1184 1230 coniunctio
1201 1179 1230 1230 et
1244 1171 1300 1230 ‘ut’
1317 1188 1370 1249 pro
1386 1169 1522 1230 ‘utinam'

227 1270 381 1332 invenitur.
427 1268 604 1348 Virgilius
628 1269 657 1331 in
679 1270 773 1332 virt:
826 1331 828 1338 ,

379 1371 491 1432 Adsis
513 1391 531 1432 o
550 1378 692 1433 tantum
715 1379 750 1432 et
772 1371 928 1451 propius
950 1380 1013 1433 tua
1033 1373 1182 1432 numina
1205 1370 1345 1433 firmes.
1535 1393 1566 1434 ro

227 1473 305 1535 idem
326 1473 356 1533 in
379 1471 436 1533 vt:
1347 1470 1351 1478 '

380 1572 418 1635 Si
441 1591 539 1634 nune
562 1593 600 1636 se
619 1570 624 1655 Ι
644 1573 753 1634 nobis
775 1574 840 1635 ille
864 1592 999 1635 aureus
1021 1574 1157 1635 arbore
1180 1593 1307 1635 ramus
1363 1636 1372 1658 x

378 1673 569 1755 'Ostendat
589 1693 739 1736 nemore
762 1674 799 1734 in
823 1682 943 1750 tant0;

228 1785 258 1837 et
279 1775 482 1837 Terentius
504 1777 535 1837 in
556 1777 741 1837 eunucho:

379 1879 419 1938 Vt
441 1876 546 1937 illum
568 1876 605 1936 di
629 1877 794 1957 deaeque
816 1895 959 1951 omnes,
979 1877 1107 1957 superi
1130 1877 1259 1953 interi,
1533 1902 1563 1940 ιε»

379 1977 486 2038 Malis
510 1976 696 2058 exemplis
719 1979 889 2058 perdant

230 2075 270 2163 [et
290 2097 396 2160 perse
418 2087 515 2140 umen
538 2078 659 2140 verbum
679 2077 840 2159 optativum
864 2084 953 2160 saepe
972 2081 1092 2160 ponitur
1119 2080 1183 2142 sine
1209 2079 1367 2160 praedictis
1392 2079 1520 2160 partiou-

228 2180 632 2256 lis,utLueanusinl:
720 2205 729 2217 ·

418 2357 424 2368 ,
950 2283 985 2344 61
1006 2284 1083 2345 visa
1106 2282 1318 2343 secundent

379 2382 423 2444 Et
444 2382 558 2444 fibris
580 2380 628 2444 sit
649 2382 753 2444 nulla
776 2383 894 2459 fidem
916 2384 980 2445 sed
1006 2384 1184 2466 eonditor
1205 2384 1300 2445 artis
1532 2408 1562 2447 oo

380 2483 548 2545 Finxerit
571 2481 640 2545 ista
663 2484 789 2562 Tages.

300 2654 309 2705 1
334 2654 392 2705 ideo
410 2655 573 2720 praeteritum
592 2651 637 2717 (0)
722 2649 798 2719 ideo]
817 2669 864 2709 om.
884 2653 918 2703 M
934 2654 1001 2704 idem
1021 2652 1046 2702 P
1132 2670 1275 2718 quanquam
1293 2653 1335 2705 La·
1352 2670 1479 2718 quaquam
1497 2654 1521 2705 tt

230 2744 348 2805 quamuis
367 2739 411 2805 (O)
490 2742 506 2789 2
525 2738 619 2806 evenit]
640 2742 659 2791 d
675 2742 744 2791 uenit
762 2743 786 2790 D
864 2756 911 2806 pro
930 2741 1022 2804 quibus
1040 2755 1088 2805 pro
1104 2743 1196 2804 quibus
1218 2741 1241 2790 L
1318 2749 1346 2790 ut
1363 2740 1402 2807 id]
1420 2758 1436 2791 r
1452 2750 1479 2789 ut
1497 2741 1521 2791 tt

228 2845 255 2894 id
276 2844 301 2893 P
369 2841 526 2909 dperieeta]
546 2842 735 2909 experientem
751 2858 819 2897 corr.
838 2844 863 2893 D
938 2844 1053 2893 doctrina
1070 2845 1095 2892 in
1115 2846 1172 2908 ipso
1190 2844 1215 2893 P
1283 2844 1341 2910 ipsa
1360 2845 1384 2893 L
1453 2844 1521 2896 asit

230 2942 254 2980 et
273 2930 369 2980 utinam
391 2929 416 2978 N
486 2931 513 2979 id
527 2945 572 2979 om.
588 2930 612 2979 P
681 2928 776 2995 sutem]
792 2931 869 2981 atel)
885 2930 927 2981 uei
944 2931 1012 2980 enirn
1029 2931 1152 2993 apsenti
1220 2931 1392 2994 istumquam
1410 2946 1480 2980 mare
1497 2931 1521 2979 P

301 3017 372 3083 8sip
391 3018 415 3067 D
485 3015 721 3067 itinueniunturO
806 3018 885 3082 Varq.
905 3017 971 3069 Aen.
991 3018 1050 3066 virt
1069 3014 1103 3067 78
1120 3017 1177 3070 eolt.
1194 3017 1237 3071 lid.
1256 3016 1305 3067 XV
1323 3020 1340 3080 ς
1357 3016 1400 3068 ³4.
1417 3016 1452 3069 38

229 3106 254 3153 in
273 3102 394 3153 Villam.
411 3103 437 3151 P
521 3101 594 3166 virt]
619 3118 687 3155 corr.
712 3110 766 3153 ant.
788 3119 876 3155 munus
896 3120 941 3159 ms.
964 3102 991 3153 in
1015 3102 1232 3167 exequeretur.
1250 3120 1305 3169 rep.
1322 3104 1412 3155 Berol.
1432 3105 1473 3154 ed.
1491 3105 1521 3166 3,

229 3189 352 3239 Kredtt'us
370 3189 413 3240 VII
430 3188 504 3239 codd.
594 3189 627 3241 10
645 3191 718 3240 Assia
737 3190 764 3239 N
848 3187 962 3254 tantum]
986 3190 1088 3240 tandem
1108 3188 1155 3238 00
1241 3193 1345 3241 numina
1365 3206 1401 3239 ea:
1417 3192 1521 3239 numine

229 3274 341 3325 cumb
421 3274 450 3326 11
476 3275 555 3339 Verq.
576 3275 693 3327 Aen.v1
714 3276 819 3341 l8isq.
899 3277 979 3325 mvl
997 3275 1089 3326 ota.P
1164 3275 1250 3326 vnn
1331 3276 1362 3328 12
1379 3292 1472 3327 aureus
1488 3277 1522 3327 ab

227 3362 318 3411 arbore
336 3362 411 3423 Pes.
430 3362 446 3424 S
464 3360 498 3412 82
568 3376 655 3413 ramus
674 3378 709 3411 ex
727 3378 809 3414 ramos
826 3378 894 3413 corr.
915 3364 939 3412 L
1018 3364 1051 3413 14
1067 3364 1203 3438 terrentius
1222 3362 1278 3414 ML
1353 3379 1442 3414 ousae
1460 3363 1520 3414 Ter.

227 3480 374 3546 eun.113,
394 3482 423 3533 11
450 3482 484 3531 Vt
506 3481 576 3531 ittum
604 3482 631 3532 di
651 3483 766 3546 deaeque
789 3484 889 3533 senium
912 3483 1021 3550 perdant
1042 3441 1161 3557 (ienidm
1179 3474 1288 3549 perdunt
1309 3484 1397 3537 Betae.
1416 3500 1448 3533 m.
1467 3499 1519 3534 ree.

226 3619 294 3652 corr.
319 3603 354 3651 Vt
373 3602 444 3652 iilum
463 3603 488 3652 di
507 3603 620 3666 deaeque
639 3606 694 3652 ou‘is
712 3618 799 3652 senem
822 3603 930 3669 perdant
948 3600 1034 3667 Bas.)
1061 3608 1241 3655 contunduntur
1263 3620 1317 3654 ewa
1340 3621 1390 3655 aas.
1418 3604 1518 3657 Phoros.

230 3674 274 3721 1111
291 3674 322 3736 4,
339 3672 421 3737 deq„
441 3675 484 3738 qui
496 3676 522 3723 in
539 3672 610 3723 libris
627 3688 685 3722 mas.
703 3674 750 3737 (ex
766 3672 851 3725 Benrd.
871 3674 937 3723 Bos.
956 3675 993 3722 od
1007 3673 1032 3723 lt.
1052 3675 1070 3722 l.
1088 3674 1148 3725 nidd
1164 3674 1294 3738 excerpsi)
1307 3676 1345 3724 sie
1360 3676 1449 3737 scripti
1463 3689 1521 3731 esse

227 3744 376 3791 truduntur:
403 3743 484 3791 Vt'te
510 3742 612 3805 quidem
634 3756 721 3791 omnes
745 3743 770 3791 di
795 3743 909 3805 deaeque
932 3744 1020 3806 superi
1045 3740 1231 3809 infertilitatis
1253 3746 1377 3807 exemptis
1399 3744 1520 3808 perdunt:

227 3812 385 3862 Priatiaaum
402 3815 439 3861 sie
453 3812 512 3875 sere
529 3812 710 3862 contaminasse
727 3813 841 3861 indicare
858 3812 973 3861 videratur
988 3815 1037 3863 toci
1052 3814 1123 3862 ditius
1138 3813 1198 3863 iibri
1212 3816 1228 3875 s
1246 3814 1296 3863 176
1316 3816 1389 3863 etde
1405 3812 1450 3861 ΧΙΙ
1468 3828 1520 3863 oss.

227 3882 242 3943 §
264 3881 323 3931 loe,
344 3882 395 3931 215
411 3896 437 3943 p.
462 3881 536 3930 latta.
554 3880 618 3931 1281
639 3880 670 3933 P.
685 3896 713 3943 p.
738 3882 796 3933 lud.
816 3882 865 3931 147
885 3882 917 3929 t.
938 3898 974 3931 ex
992 3882 1064 3933 titiis
1078 3882 1153 3932 diod.
1171 3885 1209 3932 sie
1225 3885 1368 3935 constituti:
1385 3882 1520 3931 Terentius

227 3952 252 3999 in
272 3950 435 4000 Phormione:
460 3952 494 3997 Vt
509 3950 581 4001 iilum
597 3953 623 3999 di
643 3948 690 4013 (dii
707 3966 734 4013 p.
755 3951 804 4001 147
827 3949 873 4013 h.)
890 3951 1004 4014 deaeque
1021 3966 1109 4003 omnes
1126 3956 1234 4018 perdant
1252 3952 1387 4017 (perduint
1405 3953 1521 4002 Priscia-

226 4036 273 4071 aus
291 4018 367 4085 (Oe)
386 4021 402 4081 S
422 4018 471 4070 176
492 4028 517 4069 et
540 4022 577 4069 sie
598 4020 673 4069 Line.
695 4036 731 4069 ea·
753 4020 808 4071 cod.
827 4034 873 4069 suo
891 4020 922 4069 R.
943 4035 971 4082 p.
993 4022 1042 4072 147
1062 4023 1171 4085 perdunt
1193 4022 1325 4071 Vitatur
1341 4024 1357 4083 ς
1376 4021 1458 4084 ltu),
1478 4021 1523 4070 udi

227 4098 307 4139 tomen
324 4096 462 4152 praeterea
479 4090 646 4152 conserendus
664 4098 703 4139 est
719 4091 798 4152 ipsius
813 4089 971 4139 Pltormioaa'a
989 4107 1012 4141 o.
1029 4092 1083 4152 ta,
1098 4090 1145 4142 73:
1166 4092 1209 4154 qui
1224 4091 1295 4140 ilium
1314 4092 1340 4140 di
1359 4106 1446 4139 omnes
1462 4106 1521 4156 per-

227 4159 314 4217 duint;
341 4158 498 4225 quamodrem
521 4159 634 4209 dubitaui
654 4160 805 4222 inperitorum
821 4158 980 4209 Fleckeisen
999 4162 1165 4209 coniecturam
1189 4176 1247 4210 ona.
1264 4160 1325 4223 plait.
1345 4157 1521 4211 exarderet

226 4244 282 4293 sqq.
300 4234 425 4290 protutura
440 4230 571 4291 recipere:
596 4228 728 4277 Terentius
746 4229 771 4276 iu
789 4228 919 4278 eunucho:
943 4239 971 4277 ut
990 4229 1061 4278 illurn
1079 4230 1105 4278 di
1126 4232 1238 4294 deaeque
1260 4228 1379 4296 [senium
1400 4230 1518 4294 perdant.

227 4300 294 4347 idem
315 4300 338 4347 in
359 4298 524 4347 Phormione:
550 4306 577 4347 ut
595 4306 618 4347 te
637 4298 739 4359 quidem
757 4298 783 4346 di
808 4295 937 4362 deaeque]
967 4313 1055 4349 omnes
1080 4301 1168 4364 superi
1191 4299 1265 4349 interi
1292 4300 1367 4350 maiis
1392 4299 1520 4363 exemplis

228 4367 343 4432 perdant.
416 4367 441 4415 in
461 4368 679 4419 contradamur
749 4368 779 4417 15
799 4376 826 4415 ut
844 4370 940 4417 utinam
955 4368 1024 4417 iilum
1043 4368 1087 4419 ΗΝ
1161 4370 1197 4418 dii
1216 4370 1265 4419 ’ΝΝ
1282 4370 1343 4419 dum
1361 4369 1386 4418 P
1460 4369 1521 4417 dide

226 4486 308 4533 aeque
326 4469 375 4520 lte
392 4471 428 4520 dii
449 4470 596 4533 deaeqner
667 4470 764 4533 deeque
784 4484 872 4521 omnes
889 4471 1015 4535 aisperid
1031 4471 1128 4535 deeque
1145 4474 1159 4521 e
1178 4475 1264 4537 superi
1281 4475 1306 4522 D
1376 4472 1521 4538 anperiiu-

228 4540 332 4589 ttrmalis
347 4540 373 4587 P
446 4538 530 4589 imieri
546 4539 570 4588 L
589 4538 715 4603 inferique
734 4538 760 4587 N
838 4538 870 4589 16
890 4538 1017 4606 perduint]
1036 4542 1060 4592 R
1079 4542 1188 4606 perdunt
1205 4544 1231 4591 Ρ
1247 4544 1357 4606 produnt
1370 4543 1394 4591 L
1413 4535 1521 4607 perdant

227 4608 357 4671 (Μο)οΝ
426 4610 458 4661 17
477 4620 498 4658 et
515 4624 562 4674 per
581 4624 609 4658 se
627 4636 659 4645 —-
679 4609 846 4676 scriptoribus
862 4625 908 4662 om.
928 4611 1033 4661 PRML
1051 4612 1112 4665 add.
1131 4628 1146 4660 r
1216 4614 1294 4662 uerba
1313 4612 1427 4679 optatius
1444 4611 1468 4662 N

228 4690 355 4746 ponuntur
373 4678 398 4727 N
490 4678 521 4729 18
545 4679 608 4733 Luc.
634 4678 728 4732 Pdors.
756 4679 766 4729 1
788 4676 845 4730 635·
859 4695 915 4745 sqq.
1002 4680 1035 4733 16
1053 4681 1090 4732 dii
1110 4682 1173 4736 tuo.
1197 4682 1271 4735 Voss.
1293 4684 1315 4731 A
1340 4681 1376 4749 dij
1402 4682 1478 4734 Voss·
1495 4680 1521 4733 B

296 4746 443 4801 seddeutD
513 4748 703 4817 torporata
772 4750 807 4803 21
826 4748 984 4803 tinexeritN
