3400 5325
625 1018 1152 1161 rulluxuttctrluull.

712 1206 991 1253 tw-

295 1388 462 1441 pransor.
771 1443 820 1505 BE
850 1444 996 1505 mm
1336 1391 1486 1445 persecu.

180 1586 226 1637 tl
331 1577 440 1639 Fabula
463 1584 509 1638 est
530 1576 624 1639 oratio
645 1579 713 1638 tlcta
735 1579 883 1639 verisimili
907 1580 1100 1661 dispositione
1125 1580 1280 1659 imaginem
1303 1581 1442 1641 exbibens
1464 1580 1539 1645 veri·

243 1680 320 1741 tatis.
365 1680 432 1740 ideo
453 1686 551 1740 autem
573 1679 649 1739 hanc
670 1680 793 1759 primam
818 1682 933 1743 tradere
961 1683 1060 1761 pneris
1089 1682 1184 1743 solent
1206 1691 1354 1756 oratores,
1383 1681 1448 1761 quia
1475 1682 1538 1741 aui·

243 1800 308 1843 mos
328 1800 430 1841 eorum
452 1780 548 1841 adhuc
568 1780 671 1841 molles
691 1781 727 1841 ad
751 1780 887 1842 meliores
908 1784 991 1843 facile
1012 1785 1072 1843 rias
1095 1784 1251 1844 instituunt
1273 1784 1355 1843 vitae,
1379 1792 1381 1795 ’
1399 1784 1442 1843 usi
1467 1792 1561 1843 sunts

138 1895 142 1910 ¹
243 1893 340 1945 tamen
364 1902 398 1943 ea
420 1882 610 1945 vetustissimi
631 1902 749 1961 quoquc
771 1892 923 1959 auctores,
950 1892 982 1944 ut
1006 1883 1153 1947 Hesiodus
1173 1883 1365 1945 Archilochus
1388 1884 1538 1955 llorutius,
1576 1938 1580 1954 ,

243 1984 390 2045 Hesiodus
404 1984 521 2063 quidem
536 1983 692 2057 lusciniae,
707 1985 901 2046 Archilochus
920 1993 1016 2045 atttem
1033 1986 1142 2065 vulpis,
1159 1986 1296 2047 lloratius
1312 1986 1410 2047 muris.
1442 1986 1538 2047 nenvi-

243 2095 352 2146 nantur
372 2095 468 2145 autem
491 2086 528 2145 ab
550 2085 750 2146 inventoribus
773 2086 936 2147 fabularum
960 2086 1032 2147 aliae
1049 2088 1187 2167 Gl'pviae,
1209 2087 1282 2147 aliae
1301 2086 1440 2166 Libycae,
1464 2086 1538 2145 aliae

242 2187 436 2265 synanticae,
472 2206 575 2247 omues
598 2196 694 2247 autem
717 2188 912 2248 communiter
933 2188 1090 2268 Aesopias,
1124 2190 1262 2267 quoniam
1286 2189 1315 2248 iu
1343 2188 1536 2265 conventibus

207 2298 224 2347 ²
243 2290 413 2367 frequenter
434 2289 548 2349 solebat
566 2290 700 2369 Aesopus
723 2289 828 2349 tabulis
850 2290 900 2350 uti.
946 2298 975 2349 et
997 2290 1123 2369 pertinet
1142 2290 1178 2351 ad
1198 2290 1270 2350 vitae
1289 2290 1295 2371 Ι
1317 2290 1485 2365 utilitatem,
1508 2298 1573 2348 otu

241 2392 274 2450 llt
295 2389 475 2463 verisimilis,
508 2390 533 2449 si
559 2409 607 2451 res
630 2371 706 2468 quae
724 2392 866 2452 subiectis
889 2391 1027 2452 accidunt
1050 2392 1183 2473 personis
1206 2400 1273 2471 apte
1301 2391 1475 2463 reddantur,
1505 2398 1536 2451 ut

241 2499 311 2571 puta
335 2490 371 2550 de
392 2490 610 2570 pulchritudine
633 2491 739 2569 aliquis
761 2501 869 2567 certat,
905 2512 978 2571 pavo
1005 2494 1052 2553 hic
1082 2500 1280 2572 supponatur:
1308 2500 1424 2573 oportet
1450 2491 1535 2551 alicui

241 2593 376 2654 astutiam
405 2592 549 2668 tribuere,
584 2593 736 2674 vulpecula
765 2604 810 2654 est
836 2594 1022 2655 subicienda:
1056 2596 1216 2656 imitatores
1244 2594 1356 2673 aliquos
1385 2592 1534 2652 hominum

240 2696 375 2756 volumus
397 2695 573 2766 ostendere,
597 2696 645 2756 bic
666 2696 759 2756 simiis
776 2704 821 2755 est
839 2695 932 2758 locus.
966 2705 1084 2776 opertet
1098 2697 1186 2774 igitur
1202 2697 1289 2758 modo
1304 2695 1431 2756 breviter
1447 2698 1534 2754 modo

240 2796 328 2857 latius
349 2815 399 2856 eas
421 2796 577 2858 disserere.
616 2796 763 2874 quomodo
783 2806 880 2857 autem
901 2798 958 2857 hoc
979 2796 1048 2858 hat‘l
1074 2797 1097 2857 si
1121 2817 1199 2858 nunc
1220 2799 1386 2858 narratione
1409 2795 1534 2875 simplici
1547 2811 1570 2850 ta

208 2900 441 2977 aprolerantur,
468 2917 548 2958 nunc
564 2899 651 2959 etiam
666 2895 680 2980 ss
695 2917 791 2958 sermo
807 2898 934 2959 inductis
957 2902 1083 2978 tingatur
1102 2900 1248 2979 personis.
1286 2898 1409 2977 exempli
1437 2915 1534 2970 rausa,

241 3000 355 3062 ‘simiae
374 3009 574 3060 convenerunt
596 3011 627 3085 et
647 2999 801 3060 consilium
823 2999 970 3060 habehant
992 3000 1028 3060 de
1050 2999 1122 3062 urbe
1144 3001 1312 3075 condenda,
1332 3008 1362 3061 et
1383 2999 1451 3078 quia
1474 3000 1534 3079 pla-

239 3101 300 3162 cuit
321 3101 394 3172 ilbs,
417 3110 535 3179 paratae
556 3108 639 3161 erant
661 3101 791 3180 incipere
813 3101 1054 3163 aedificationem.
1099 3102 1150 3162 sed
1179 3109 1261 3163 vetus
1289 3103 1366 3162 inter
1393 3119 1443 3162 eas
1466 3119 1534 3180 pro-

239 3202 334 3262 hibuit
355 3201 392 3262 ab
413 3202 531 3281 incepto
551 3221 601 3264 eas
622 3202 763 3274 docens„
781 3202 859 3280 quod
884 3203 968 3263 facile
991 3203 1155 3283 capiantur,
1189 3203 1213 3264 si
1236 3203 1310 3264 intra
1340 3221 1441 3262 muros
1464 3221 1534 3262 cou-
1599 3255 1602 3260 .

239 3303 416 3363 eludantur'.
462 3303 505 3362 sic
526 3302 654 3363 breviter
675 3303 766 3364 dices.
811 3303 837 3364 si
859 3303 930 3364 velis
952 3305 1131 3383 producere,
1163 3303 1222 3378 sic,
1252 3305 1366 3365 ‘simiae
1388 3317 1566 3364 convene-²⁰

238 3413 316 3464 runt.
361 3403 591 3464 consiliabantur
610 3404 646 3464 de
669 3404 741 3464 urbe
761 3404 923 3464 condenda.
968 3423 1091 3483 quarum
1115 3425 1171 3466 uua
1194 3407 1223 3467 in
1252 3406 1380 3466 medium
1403 3405 1532 3476 veniens,

238 3504 405 3566 contionata
428 3513 488 3579 est,
512 3505 580 3583 quia
598 3513 714 3586 oportet
736 3505 816 3587 ipsas
835 3523 953 3584 quoque
973 3507 1117 3567 civitatem
1144 3507 1261 3568 habere.
1303 3506 1419 3568 ‘videtis
1443 3505 1531 3566 euirn’

238 3607 334 3668 aiebat
355 3607 445 3684 ‘quod
469 3606 600 3667 civitates
621 3607 757 3668 habendo
775 3608 910 3669 homiues
932 3607 1041 3669 hahent
1064 3607 1149 3668 etiam
1169 3607 1272 3668 dovrros
1288 3607 1396 3686 singuli
1417 3617 1446 3668 et
1465 3627 1533 3668 eou-

238 3709 348 3770 tionem
369 3708 513 3776 universi,
543 3716 573 3766 et
598 3709 628 3768 in
652 3709 797 3769 theatrum
823 3709 1018 3770 ascendeutes
1041 3708 1186 3770 delectant
1210 3709 1324 3770 animos
1346 3707 1533 3788 spectationi-

204 3811 294 3872 4bus
321 3818 351 3870 ct
376 3808 574 3871 auditionibus
600 3811 732 3870 variis.''.
772 3818 801 3870 et
828 3811 872 3872 sic
899 3812 1032 3889 proleres
1062 3811 1222 3872 orationem
1249 3809 1390 3871 morando
1421 3810 1566 3880 diceusas

237 3912 315 3990 quod
337 3919 366 3972 et
386 3910 572 3990 plebiscitum
590 3911 733 3991 scriptum
755 3919 816 3986 est,
840 3920 869 3972 et
891 3912 984 3989 finges
1008 3911 1094 3972 etiam
1114 3913 1275 3973 orationem
1295 3911 1402 3972 veteris
1419 3910 1530 3971 simiae.

237 4013 381 4094 expositio
403 4021 501 4073 autem
522 4011 684 4074 tabularum
706 4013 767 4074 vult
788 4012 1009 4074 circuitionibus
1032 4031 1131 4075 carere
1154 4022 1183 4074 ct
1205 4012 1359 4075 iucundior
1372 4031 1447 4074 esse.
1480 4011 1530 4072 sed

237 4116 330 4176 oratio
350 4133 407 4193 qua
430 4114 539 4175 utilitas
561 4113 676 4175 fabulae
699 4114 854 4200 retegitur,
888 4134 975 4193 qtvam
1005 4115 1182 4196 epimpthion
1213 4122 1332 4186 vocant,
1365 4114 1443 4191 quod
1476 4133 1529 4175 nos

308 4285 320 4335 1
341 4285 407 4335 tucri
428 4297 666 4335 rnecxsncvmums
685 4297 809 4335 earsrmsr
828 4299 985 4334 cnuuuurrcv
1006 4283 1028 4332 P
1103 4287 1118 4332 4
1138 4283 1236 4334 crumas
1254 4283 1310 4332 PV
1381 4283 1397 4331 7
1416 4281 1528 4348 quidem]

236 4370 336 4419 quoquc
355 4355 380 4403 P
459 4353 550 4402 lucinie
573 4353 602 4400 V
682 4352 743 4401 tttn
762 4353 971 4403 conuenientibus
989 4353 1012 4402 P
1030 4353 1177 4402 iuuentisll
1262 4354 1290 4401 12
1309 4353 1339 4400 de
1359 4352 1529 4418 pulcritudine

235 4426 308 4487 oquls
327 4423 411 4488 (corr.
431 4424 581 4488 anislpauo
605 4423 633 4470 V
699 4421 800 4471 huicll
874 4421 906 4472 13
925 4435 959 4470 est
982 4440 1027 4475 ono
1046 4423 1070 4471 P
1120 4422 1171 4470 ‘ll
1191 4421 1352 4472 semiisPV
1433 4421 1464 4472 16
1481 4423 1528 4472 iln-

235 4491 322 4560 gatur]
341 4494 506 4558 llgumturP
577 4492 607 4540 l‘l
628 4492 723 4540 semine
741 4491 798 4540 PV
865 4489 935 4556 qnia]
956 4506 1006 4552 quo
1028 4493 1055 4540 V
1116 4491 1320 4556 lhincoeptoll
1383 4489 1417 4539 20
1435 4493 1528 4541 semiue

236 4564 260 4612 P
280 4564 391 4614 suemioe
412 4563 440 4609 V
506 4561 726 4610 atramento?
794 4559 961 4624 23slngulus
982 4563 1002 4610 ll
1022 4561 1137 4624 singulos
1160 4559 1204 4608 VS
1273 4560 1459 4610 rouocenslt

234 4631 352 4695 'idquod
369 4641 394 4680 et
421 4631 594 4696 plebisscitum
617 4643 635 4684 ς
666 4629 734 4692 quod
752 4645 767 4676 n
789 4629 961 4693 plebisscitum
986 4630 1083 4678 PttVo·
1112 4619 1155 4676 ὅτι
1178 4623 1226 4678 καὶ
1249 4621 1279 4676 τὸ
1309 4621 1443 4692 ψήφισμα
1471 4621 1525 4694 ἐγέ-

233 4701 375 4764 ypanccoh
443 4701 538 4749 semiue
560 4701 586 4748 V
652 4699 685 4747 27
704 4696 768 4763 vult]
788 4699 870 4749 uelS
927 4698 961 4749 28
979 4699 1105 4764 detegitur
1122 4699 1148 4746 P
1223 4695 1302 4763 quod]
1322 4713 1397 4760 quam
1414 4701 1438 4750 P

1679 4649 1683 4758 l
