3400 5325
257 212 321 274 tua
812 214 997 276 Pulsctuttt

309 342 332 383 ρ.
347 328 405 371 aava
420 329 445 370 ao
458 329 481 371 a.
1335 341 1356 381 ρ.
1370 326 1457 369 nost
1476 327 1513 368 u.-

1038 399 1283 476 Cerealiaqne
1304 416 1402 459 arma

411 502 624 581 expediunt

209 612 239 664 lt
259 622 327 665 cum
353 604 441 681 igitur
467 604 505 664 sit
526 604 740 681 homonymon,
770 602 848 681 quod
875 601 991 681 quidam
1019 600 1172 662 univocum
1195 601 1311 675 dicunt,
1337 610 1367 661 et
1389 602 1484 661 varias
1506 620 1559 661 res

258 704 416 782 significet,
440 706 573 783 singulae
591 722 690 765 earum
711 703 820 763 babent
835 722 888 764 sua
912 704 1045 777 nomina,
1058 684 1100 763 'ut
1118 716 1233 764 scutum
1255 702 1336 781 galea
1361 702 1450 763 lorica
1470 702 1558 763 basta

235 804 371 885 ·gladius
394 814 423 867 et
445 816 551 867 cetera.
595 823 655 865 non
677 803 767 880 igitur
789 823 864 884 opus
887 813 932 866 est
953 804 982 865 iu
1006 804 1063 865 boc
1081 806 1200 865 nomiae
1222 802 1379 881 singularis
1402 820 1584 877 numerus,⁵

256 926 323 969 cum
347 926 464 988 semper
486 908 516 967 iu
538 906 644 986 plurali
666 904 879 982 significatione
898 915 1034 986 ponatur.
1080 914 1177 985 potest
1200 913 1295 965 autem
1321 913 1351 965 et
1372 904 1558 965 dillereatiae

257 1027 344 1069 causa
366 1009 454 1069 buius
474 1006 621 1084 singulare
637 1007 742 1078 taceri,
764 1025 802 1067 ne
817 1007 854 1067 ab
874 1026 970 1081 armo,
993 1015 1058 1068 artu
1078 1007 1226 1087 corporis,
1250 1007 1361 1084 obliqui
1382 1007 1446 1067 eius
1466 1026 1558 1067 casus

255 1110 381 1191 prolerri
409 1110 630 1181 existimentur,
657 1106 706 1167 bic
732 1125 848 1182 armus,
877 1109 965 1169 buius
988 1108 1070 1168 armi.
1116 1109 1206 1169 Cuius
1234 1117 1279 1169 est
1307 1106 1438 1185 figurae?
1478 1107 1559 1168 Sim·

257 1211 351 1293 plicis.
396 1211 455 1272 Fac
475 1209 512 1270 ab
540 1228 576 1269 eo
600 1209 805 1287 compositum.
851 1211 998 1288 Armiger,
1021 1210 1215 1289 armipotens,
1244 1208 1413 1281 semermis,
1434 1208 1558 1269 inermis

210 1322 240 1371 12
258 1323 288 1373 et
309 1315 448 1374 inermus.
494 1312 585 1372 Cuius
613 1320 657 1371 est
680 1329 766 1371 casus
788 1311 818 1370 in
840 1311 897 1371 boc
918 1310 1006 1372 loco‘l
1034 1310 1206 1372 accusativi.
1253 1311 1332 1370 Vnde
1358 1310 1415 1371 boc
1438 1318 1553 1371 certum
1569 1332 1592 1367 ιη

257 1414 323 1476 est‘l
362 1416 385 1475 ,l
411 1422 573 1487 structura,
606 1412 636 1473 id
664 1420 710 1471 est
737 1411 921 1472 ordinatione
949 1419 978 1472 et
1004 1412 1211 1473 coniunctione
1240 1411 1433 1489 sequentium.
1479 1430 1556 1471 cano

258 1518 334 1577 euim
356 1515 477 1576 verbum
501 1514 667 1575 accusativo
692 1512 836 1591 iungitur:
867 1531 936 1591 ergo
965 1512 1107 1590 siquando
1129 1513 1259 1575 invenias
1288 1513 1374 1574 talem
1394 1512 1558 1574 ordinatio-

257 1638 340 1693 nem,
362 1638 440 1698 pone
464 1617 530 1678 loco
553 1614 650 1675 neutri
673 1614 868 1675 masculinnm
894 1614 936 1674 vel
961 1613 1146 1687 femininum,
1169 1633 1293 1693 cruorum
1315 1615 1471 1675 accusativi
1494 1632 1555 1673 non

258 1729 328 1783 sunt
347 1719 457 1782 similes
478 1714 677 1791 nominativis,
702 1723 731 1776 et
752 1717 956 1778 manifestatur
974 1715 1024 1775 tibi
1048 1734 1150 1788 casus,
1174 1724 1205 1776 ut
1227 1716 1256 1775 in
1280 1715 1337 1777 boc
1359 1734 1444 1777 revsu
1467 1716 1555 1775 ‘cano

258 1824 363 1884 vivum'
387 1822 468 1882 dixit.
513 1816 646 1881 similiter
667 1818 754 1878 ‘cano
775 1817 853 1878 illam
872 1819 947 1877 rem'
971 1816 1111 1891 dicimus,
1133 1836 1168 1877 ex
1188 1817 1294 1894 quibus
1312 1825 1414 1877 neutra
1437 1834 1556 1895 quoque
1570 1838 1592 1877 u

258 1925 323 1988 sine
344 1923 432 1984 dubio
453 1933 539 2002 potes
553 1919 721 1997 intellegere
742 1920 903 1980 secundum
920 1936 1006 1995 quem
1029 1938 1128 1980 casvvm
1150 1922 1340 1998 proferuntur
1362 1927 1419 1977 tam
1440 1918 1469 1979 in
1494 1918 1556 1977 sin-

210 2036 241 2087 1³
257 2025 349 2107 gulari
372 2042 459 2102 quarn
488 2021 491 2105 l
515 2022 545 2083 in
574 2020 678 2102 plurali
703 2039 836 2081 numero.
881 2017 936 2080 mic
958 2018 1053 2080 solum
1076 2027 1173 2079 tamen
1196 2020 1224 2079 in
1248 2028 1497 2097 monogenem,
1523 2019 1554 2078 iu

257 2146 316 2206 quo
339 2125 533 2187 nominativus
551 2132 580 2183 et
597 2122 781 2183 accusativus
804 2129 833 2182 et
855 2121 1001 2181 vocativus
1023 2121 1134 2181 similes
1153 2128 1236 2195 sant,
1258 2121 1415 2181 sedetiam
1437 2120 1466 2180 in
1489 2120 1554 2180 aliis

233 2218 236 2222 ’
258 2227 432 2307 generibus,
456 2226 557 2303 siquos
574 2223 705 2284 invenias
726 2222 838 2284 similes
860 2242 947 2283 casus
971 2231 998 2283 et
1023 2223 1154 2296 dubites,
1179 2222 1339 2283 secundum
1359 2240 1445 2300 quem
1465 2222 1553 2302 positi

258 2338 342 2402 sunt,
363 2327 485 2388 eandem
508 2334 683 2387 stmcturam
701 2342 844 2416 compone
864 2343 931 2384 cum
948 2324 1003 2384 illis
1023 2324 1072 2401 qui
1094 2344 1153 2384 noa
1176 2332 1245 2385 sunt
1264 2323 1389 2397 similes,
1413 2332 1441 2384 et
1457 2324 1589 2384 solvesao

258 2429 309 2493 tibi
332 2427 558 2512 dubitationem,
583 2434 706 2505 utputa
733 2418 765 2485 si
787 2424 867 2485 dicas
890 2424 1074 2487 ‘oratoribus
1097 2434 1164 2485 utor
1186 2424 1350 2501 magistris'
1379 2433 1407 2485 et
1426 2425 1553 2499 dubites,

257 2543 356 2594 utrum
372 2530 487 2591 dativus
509 2548 545 2589 au
567 2527 710 2587 ablativus
730 2527 768 2587 sit
783 2546 880 2601 casus,
901 2546 959 2589 non
982 2527 1091 2601 solutu,
1115 2527 1192 2605 quod
1214 2535 1279 2587 utm
1294 2527 1412 2588 verbum
1436 2546 1555 2606 semper

258 2619 383 2696 ablativio
410 2628 613 2709 coniungitur,
638 2628 695 2689 boc
717 2628 814 2709 possis
837 2647 1014 2708 agnoscere,
1038 2628 1089 2690 sed
1112 2628 1198 2690 etiam
1222 2629 1246 2690 si
1269 2628 1430 2690 secundum
1453 2629 1554 2707 singu-

257 2737 347 2798 larem
370 2751 526 2813 uumerum
548 2733 624 2793 banc
647 2731 769 2792 eandem
792 2731 911 2792 ordines
929 2731 1089 2793 orationem
1110 2731 1233 2793 dicendo
1258 2735 1393 2792 ‘oratore
1412 2731 1552 2809 magistro

258 2841 351 2900 utor’.
396 2835 493 2896 omnia
516 2832 676 2895 cuimine
697 2833 881 2894 terminantia
901 2832 1056 2893 ablativum
1072 2834 1232 2894 masculina
1253 2832 1296 2893 vel
1317 2831 1455 2894 leminioa
1482 2829 1586 2892 nullia

211 2951 240 2999 tt
259 2940 342 3002 alteri
362 2955 429 3000 eum
451 2954 551 2998 casum
575 2934 699 2998 similem
722 2933 839 2994 babent.
875 2934 987 3004 Quotae
1011 2943 1055 2994 est
1077 2933 1297 3016 declijlnationis
1318 2931 1419 2994 arma?
1441 2933 1553 2994 Secun-

256 3044 320 3104 dae.
367 3036 486 3111 Ouare‘l
509 3037 582 3107 Quia
604 3035 768 3114 genetivum
790 3055 938 3098 armorum
961 3036 1039 3096 lacit.
1067 3036 1175 3111 ,onraia
1199 3045 1295 3096 autem
1311 3043 1412 3095 nevvtra
1429 3035 1550 3115 pluralia

196 3199 202 3204 .
256 3166 272 3206 a
301 3142 417 3204 dualem
444 3139 612 3200 nominativi
640 3138 669 3197 in
692 3134 696 3217 Ι
723 3158 740 3197 o
768 3137 884 3216 longam
913 3144 1087 3198 convertunt
1110 3145 1139 3198 et
1161 3136 1257 3198 addita
1280 3153 1345 3199 rum
1369 3137 1480 3197 iaciunt
1502 3155 1552 3214 ge-

257 3245 400 3317 netivnm,
429 3241 454 3302 si
484 3241 543 3301 sint
571 3237 717 3300 secundae
745 3239 958 3300 declinationis.
1003 3238 1072 3300 illud
1108 3255 1224 3317 quoque
1257 3257 1415 3318 possumus
1443 3235 1551 3312 dicere,

255 3346 334 3424 quod
361 3343 481 3405 alterius
511 3339 715 3400 declinationis
742 3339 936 3402 nominativus
959 3341 988 3401 in
1017 3359 1063 3401 rna
1086 3340 1225 3400 desinens
1247 3339 1276 3400 in
1300 3339 1403 3419 plurali
1427 3358 1585 3426 nanterum

257 3467 316 3508 aon
338 3445 483 3506 iuvenitur
502 3441 560 3502 nisi
581 3441 744 3515 secundae,
767 3452 800 3502 ut
817 3442 912 3522 prima
935 3443 1110 3523 primorum,
1128 3459 1242 3503 summa
1266 3457 1457 3501 summorum.
1493 3439 1551 3501 Fac

257 3547 412 3610 derivativa
433 3545 470 3605 ab
493 3563 538 3604 eo.
583 3543 744 3604 Armorica]
768 3553 981 3605 armamentum
999 3544 1254 3604 armamentarium
1279 3541 1455 3616 armillae,
1476 3561 1551 3620 quae

255 3669 334 3712 nunc
355 3645 512 3710 brachialia
534 3652 653 3720 vocant;
675 3644 718 3705 sic
734 3644 865 3705 Cicero
885 3645 913 3705 in
937 3653 1040 3723 quarto
1064 3645 1105 3705 de
1127 3644 1357 3725 republica:
1385 3654 1550 3706 armentum

256 3761 285 3812 et
307 3751 344 3812 ab
366 3768 402 3810 eo
424 3745 628 3808 armentarius.
673 3744 726 3804 bic
747 3745 867 3806 verbum
889 3747 1147 3809 denominativum.
1199 3750 1287 3806 drmo
1319 3765 1415 3806 armas
1447 3751 1549 3806 armat.

207 3867 240 3918 15
257 3853 338 3914 Vnde
367 3859 479 3912 certum
508 3856 568 3923 est,
595 3846 712 3924 quaudo
740 3846 860 3907 verbum
892 3866 907 3907 a
936 3849 1053 3909 nomine
1081 3855 1109 3908 et
1136 3847 1253 3924 quando
1281 3865 1386 3907 nornen
1415 3866 1431 3908 a
1460 3846 1584 3908 verboas

254 3950 406 4015 nascitur?
429 3949 472 4010 Ex
487 3949 552 4030 ipsa
574 3948 787 4026 significatione
810 3957 839 4010 et
858 3957 959 4011 natura
976 3968 1085 4010 rerum.
1120 3967 1260 4009 namnou
1277 3965 1437 4029 possumus
1453 3949 1550 4009 dicere

339 4136 508 4204 dexpediunt
524 4134 610 4185 oruc
712 4135 730 4186 6
750 4143 834 4201 potest
854 4162 888 4171 —
906 4134 923 4185 8
940 4137 1002 4185 armi
1028 4135 1114 4186 onv.S
1199 4143 1282 4184 autem
1303 4134 1369 4185 Let
1386 4135 1469 4185 codex
1490 4135 1549 4184 Mo-

253 4213 370 4263 nacensis
388 4207 436 4256 boc
453 4207 475 4256 0
491 4205 567 4255 etium
584 4217 602 4260 ς
674 4204 706 4254 12
724 4206 841 4254 inuenies
859 4205 881 4254 S
901 4205 1001 4255 iuuenis
1019 4205 1040 4254 0
1110 4204 1142 4255 tu
1157 4205 1180 4254 si
1199 4219 1263 4268 quos
1279 4205 1395 4256 inuenies
1413 4203 1434 4253 S
1452 4205 1477 4253 iu
1494 4205 1549 4269 qni-

254 4283 302 4332 bus
320 4276 473 4328 inueniesl]
558 4274 592 4325 20
613 4282 673 4323 sunt
693 4288 816 4340 compone
841 4274 944 4324 eosdem
968 4274 1106 4324 secundum
1126 4283 1277 4324 structuram
1296 4289 1353 4323 curva
1372 4273 1467 4324 oliisS
1547 4293 1548 4296 ¹

224 4394 228 4400 .
253 4353 287 4402 25
305 4347 445 4398 masculina
461 4346 501 4396 vel
520 4343 643 4394 feminina
660 4359 705 4393 orn.
725 4343 754 4410 S,
773 4344 861 4394 adds
949 4343 982 4395 30
1002 4345 1067 4393 aliae
1091 4343 1268 4392 declinationis
1289 4343 1310 4392 S
1378 4345 1549 4393 nominatione

254 4415 425 4485 GuomenS
506 4414 538 4466 at
563 4412 718 4463 iuueninsS
821 4414 854 4465 32
880 4428 944 4475 quae
968 4439 994 4450 -
1017 4413 1052 4464 33
1077 4414 1109 4463 de
1134 4429 1160 4462 re
1179 4414 1278 4479 publica
1296 4428 1342 4462 ora.
1361 4412 1382 4461 S
1399 4427 1463 4475 quae
1482 4427 1550 4462 nunc

253 4489 392 4540 brachialia
410 4493 514 4535 avocant.
543 4483 586 4533 Sic
599 4485 681 4533 cicero
698 4484 724 4532 iu
743 4483 812 4532 llllto
831 4483 863 4533 de
883 4483 1010 4548 republica
1030 4482 1056 4532 id
1074 4491 1113 4532 est
1131 4482 1163 4531 de
1182 4483 1309 4532 communi
1328 4498 1355 4530 re
1370 4482 1401 4532 de
1417 4483 1549 4548 guberna-

252 4561 321 4610 tione
339 4557 457 4622 regalia
479 4556 591 4620 aaurpiue
614 4554 675 4602 odd.
697 4569 711 4604 r
784 4552 818 4604 33
844 4552 979 4602 brachialia
1006 4560 1154 4602 ornamenta
1177 4551 1354 4615 brachiorum,
1372 4567 1437 4615 quoe
1453 4550 1549 4601 Graece

253 4627 384 4693 spichidoe
405 4634 537 4674 vocamur.
573 4622 649 4673 olins.
685 4636 750 4684 quae
769 4621 864 4671 Graeco
886 4622 1008 4672 vocabalo
1027 4621 1163 4686 spicidicue
1182 4621 1308 4670 dicuntur.
1346 4619 1549 4672 dextrocbiainm

254 4710 314 4746 vero
332 4703 508 4744 ornamentum
525 4692 631 4744 dextrae
645 4704 737 4741 maana
756 4691 849 4741 lterum
868 4691 892 4740 L
962 4692 988 4740 in
1008 4699 1098 4755 quarto
1116 4690 1148 4740 de
1165 4698 1285 4757 praetura
1303 4689 1325 4740 0
