<?xml version="1.0" encoding="UTF-8"?>
<!DOCTYPE html PUBLIC "-//W3C//DTD XHTML 1.0 Transitional//EN"
    "http://www.w3.org/TR/xhtml1/DTD/xhtml1-transitional.dtd">
<html xmlns="http://www.w3.org/1999/xhtml" xml:lang="en" lang="en">
 <head>
  <title>
</title>
<meta http-equiv="Content-Type" content="text/html;charset=utf-8" />
  <meta name='ocr-system' content='tesseract 3.04.00' />
  <meta name='ocr-capabilities' content='ocr_page ocr_carea ocr_par ocr_line ocrx_word'/>
</head>
<body>
  <div class='ocr_page' id='page_1' title='image "./grammaticilatin04hagagoog/grammaticilatin04hagagoog_0553.png"; bbox 0 0 3400 5325; ppageno 0'>
   <div class='ocr_carea' id='block_1_1' title="bbox 528 210 1463 277">
    <p class='ocr_par' dir='ltr' id='par_1_1' title="bbox 528 210 1463 277">
     <span class='ocr_line' id='line_1_1' title="bbox 528 210 1463 277; baseline 0.004 -6"><span class='ocrx_word' id='word_1_1' title='bbox 528 210 828 273; x_wconf 70' lang='lat' dir='ltr'><strong>onocentaurus</strong></span> <span class='ocrx_word' id='word_1_2' title='bbox 852 211 976 273; x_wconf 86' lang='lat' dir='ltr'><strong>LlBEii.</strong></span> <span class='ocrx_word' id='word_1_3' title='bbox 997 222 1111 277; x_wconf 76' lang='lat'>25-33</span> <span class='ocrx_word' id='word_1_4' title='bbox 1400 212 1463 275; x_wconf 79' lang='lat'><strong>525</strong></span> 
     </span>
    </p>
   </div>
   <div class='ocr_carea' id='block_1_2' title="bbox 103 324 1463 478">
    <p class='ocr_par' dir='ltr' id='par_1_2' title="bbox 103 324 1463 478">
     <span class='ocr_line' id='line_1_2' title="bbox 220 324 1406 379; baseline 0.003 -14"><span class='ocrx_word' id='word_1_5' title='bbox 220 325 312 378; x_wconf 60' lang='lat' dir='ltr'><strong>nram.</strong></span> <span class='ocrx_word' id='word_1_6' title='bbox 328 324 385 366; x_wconf 81' lang='lat' dir='ltr'><strong>oar.</strong></span> <span class='ocrx_word' id='word_1_7' title='bbox 1250 326 1406 379; x_wconf 58' lang='lat' dir='ltr'><strong>proavos.</strong></span> 
     </span>
     <span class='ocr_line' id='line_1_3' title="bbox 103 397 1463 478; baseline 0.001 -21"><span class='ocrx_word' id='word_1_8' title='bbox 103 462 109 469; x_wconf 67' lang='grc'>,</span> <span class='ocrx_word' id='word_1_9' title='bbox 169 397 346 472; x_wconf 91' lang='lat' dir='ltr'><strong>sacerdotis,</strong></span> <span class='ocrx_word' id='word_1_10' title='bbox 367 406 542 477; x_wconf 84' lang='lat' dir='ltr'><strong>armagatos,</strong></span> <span class='ocrx_word' id='word_1_11' title='bbox 560 398 732 475; x_wconf 84' lang='lat' dir='ltr'><strong>lervigatos,</strong></span> <span class='ocrx_word' id='word_1_12' title='bbox 755 397 838 478; x_wconf 91' lang='lat' dir='ltr'><strong>lepos</strong></span> <span class='ocrx_word' id='word_1_13' title='bbox 859 398 983 478; x_wconf 90' lang='lat' dir='ltr'><strong>leporis,</strong></span> <span class='ocrx_word' id='word_1_14' title='bbox 1001 398 1078 475; x_wconf 92' lang='lat' dir='ltr'><strong>quod</strong></span> <span class='ocrx_word' id='word_1_15' title='bbox 1095 398 1290 477; x_wconf 79' lang='lat' dir='ltr'><strong>eloquentiam</strong></span> <span class='ocrx_word' id='word_1_16' title='bbox 1309 399 1463 477; x_wconf 81' lang='lat' dir='ltr'><strong>signifieat,</strong></span> 
     </span>
    </p>
   </div>
   <div class='ocr_carea' id='block_1_3' title="bbox 61 498 1563 3922">
    <p class='ocr_par' dir='ltr' id='par_1_3' title="bbox 61 498 1563 3922">
     <span class='ocr_line' id='line_1_4' title="bbox 168 498 1463 580; baseline 0.002 -23"><span class='ocrx_word' id='word_1_17' title='bbox 168 516 262 577; x_wconf 91' lang='lat' dir='ltr'><strong>nepos</strong></span> <span class='ocrx_word' id='word_1_18' title='bbox 283 500 408 580; x_wconf 89' lang='lat' dir='ltr'><strong>nepotis.</strong></span> <span class='ocrx_word' id='word_1_19' title='bbox 447 520 482 561; x_wconf 90' lang='lat' dir='ltr'><strong>us</strong></span> <span class='ocrx_word' id='word_1_20' title='bbox 501 499 610 579; x_wconf 79' lang='lat' dir='ltr'>syllaba</span> <span class='ocrx_word' id='word_1_21' title='bbox 630 498 711 560; x_wconf 83' lang='lat' dir='ltr'><strong>fruita</strong></span> <span class='ocrx_word' id='word_1_22' title='bbox 730 500 758 560; x_wconf 93' lang='lat' dir='ltr'><strong>iu</strong></span> <span class='ocrx_word' id='word_1_23' title='bbox 775 498 952 579; x_wconf 79' lang='lat' dir='ltr'>paenultima</span> <span class='ocrx_word' id='word_1_24' title='bbox 969 498 1192 579; x_wconf 88' lang='lat' dir='ltr'><strong>productionem</strong></span> <span class='ocrx_word' id='word_1_25' title='bbox 1215 499 1270 559; x_wconf 87' lang='lat' dir='ltr'><strong>sibi</strong></span> <span class='ocrx_word' id='word_1_26' title='bbox 1292 499 1463 573; x_wconf 77' lang='lat' dir='ltr'><strong>defenduut,</strong></span> 
     </span>
     <span class='ocr_line' id='line_1_5' title="bbox 170 599 1463 680; baseline 0.002 -21"><span class='ocrx_word' id='word_1_27' title='bbox 170 604 202 659; x_wconf 91' lang='lat' dir='ltr'><strong>ut</strong></span> <span class='ocrx_word' id='word_1_28' title='bbox 229 599 394 661; x_wconf 80' lang='lat' dir='ltr'><strong>tribunatus</strong></span> <span class='ocrx_word' id='word_1_29' title='bbox 419 602 605 679; x_wconf 80' lang='lat' dir='ltr'><strong>magistratus</strong></span> <span class='ocrx_word' id='word_1_30' title='bbox 636 600 807 661; x_wconf 86' lang='lat' dir='ltr'><strong>consulatus</strong></span> <span class='ocrx_word' id='word_1_31' title='bbox 829 600 1027 680; x_wconf 84' lang='lat' dir='ltr'><strong>principatus,</strong></span> <span class='ocrx_word' id='word_1_32' title='bbox 1056 608 1086 661; x_wconf 87' lang='lat' dir='ltr'><strong>et</strong></span> <span class='ocrx_word' id='word_1_33' title='bbox 1106 601 1203 662; x_wconf 88' lang='lat' dir='ltr'><strong>omnia</strong></span> <span class='ocrx_word' id='word_1_34' title='bbox 1226 618 1341 678; x_wconf 90' lang='lat' dir='ltr'><strong>quaea</strong></span> <span class='ocrx_word' id='word_1_35' title='bbox 1368 600 1463 662; x_wconf 87' lang='lat' dir='ltr'><strong>verbis</strong></span> 
     </span>
     <span class='ocr_line' id='line_1_6' title="bbox 169 700 1463 781; baseline 0.002 -22"><span class='ocrx_word' id='word_1_36' title='bbox 169 700 304 774; x_wconf 89' lang='lat' dir='ltr'><strong>veniunt,</strong></span> <span class='ocrx_word' id='word_1_37' title='bbox 327 720 401 779; x_wconf 90' lang='lat' dir='ltr'><strong>quae</strong></span> <span class='ocrx_word' id='word_1_38' title='bbox 425 712 493 763; x_wconf 76' lang='lat' dir='ltr'><strong>scrut</strong></span> <span class='ocrx_word' id='word_1_39' title='bbox 516 701 621 762; x_wconf 86' lang='lat' dir='ltr'><strong>similia</strong></span> <span class='ocrx_word' id='word_1_40' title='bbox 644 702 812 781; x_wconf 88' lang='lat' dir='ltr'><strong>participio,</strong></span> <span class='ocrx_word' id='word_1_41' title='bbox 843 710 875 761; x_wconf 95' lang='lat' dir='ltr'><strong>ut</strong></span> <span class='ocrx_word' id='word_1_42' title='bbox 895 709 1009 762; x_wconf 91' lang='lat' dir='ltr'><strong>amatus</strong></span> <span class='ocrx_word' id='word_1_43' title='bbox 1032 700 1146 762; x_wconf 91' lang='lat' dir='ltr'><strong>deletus</strong></span> <span class='ocrx_word' id='word_1_44' title='bbox 1167 708 1277 762; x_wconf 91' lang='lat' dir='ltr'><strong>stratus</strong></span> <span class='ocrx_word' id='word_1_45' title='bbox 1306 700 1463 763; x_wconf 84' lang='lat' dir='ltr'><strong>lacessitus</strong></span> 
     </span>
     <span class='ocr_line' id='line_1_7' title="bbox 143 802 1462 882; baseline -0.002 -17"><span class='ocrx_word' id='word_1_46' title='bbox 143 802 287 880; x_wconf 81' lang='lat' dir='ltr'><strong>ocupitus</strong></span> <span class='ocrx_word' id='word_1_47' title='bbox 308 804 437 864; x_wconf 87' lang='lat' dir='ltr'><strong>munitus</strong></span> <span class='ocrx_word' id='word_1_48' title='bbox 461 803 586 864; x_wconf 90' lang='lat' dir='ltr'><strong>auditus.</strong></span> <span class='ocrx_word' id='word_1_49' title='bbox 632 802 816 882; x_wconf 87' lang='lat' dir='ltr'><strong>excipiuntur</strong></span> <span class='ocrx_word' id='word_1_50' title='bbox 840 802 929 877; x_wconf 90' lang='lat' dir='ltr'><strong>haec,</strong></span> <span class='ocrx_word' id='word_1_51' title='bbox 957 811 1039 863; x_wconf 90' lang='lat' dir='ltr'><strong>satus</strong></span> <span class='ocrx_word' id='word_1_52' title='bbox 1062 803 1136 864; x_wconf 88' lang='lat' dir='ltr'><strong>situs</strong></span> <span class='ocrx_word' id='word_1_53' title='bbox 1161 803 1229 864; x_wconf 88' lang='lat' dir='ltr'><strong>litus</strong></span> <span class='ocrx_word' id='word_1_54' title='bbox 1251 802 1365 881; x_wconf 85' lang='lat' dir='ltr'><strong>quitus,</strong></span> <span class='ocrx_word' id='word_1_55' title='bbox 1388 821 1462 881; x_wconf 92' lang='lat' dir='ltr'><strong>quae</strong></span> 
     </span>
     <span class='ocr_line' id='line_1_8' title="bbox 171 890 1462 984; baseline 0.002 -23"><span class='ocrx_word' id='word_1_56' title='bbox 171 903 370 982; x_wconf 91' lang='lat' dir='ltr'><strong>corripiuntur</strong></span> <span class='ocrx_word' id='word_1_57' title='bbox 396 922 454 964; x_wconf 91' lang='lat' dir='ltr'><strong>nou</strong></span> <span class='ocrx_word' id='word_1_58' title='bbox 483 904 577 964; x_wconf 87' lang='lat' dir='ltr'><strong>solum</strong></span> <span class='ocrx_word' id='word_1_59' title='bbox 605 903 634 963; x_wconf 91' lang='lat' dir='ltr'><strong>iu</strong></span> <span class='ocrx_word' id='word_1_60' title='bbox 664 902 849 982; x_wconf 81' lang='lat' dir='ltr'><strong>simplicitate</strong></span> <span class='ocrx_word' id='word_1_61' title='bbox 878 904 929 963; x_wconf 92' lang='lat' dir='ltr'><strong>sed</strong></span> <span class='ocrx_word' id='word_1_62' title='bbox 953 904 1040 965; x_wconf 86' lang='lat' dir='ltr'><strong>etiam</strong></span> <span class='ocrx_word' id='word_1_63' title='bbox 1063 890 1343 984; x_wconf 77' lang='lat' dir='ltr'><strong>incompositione,</strong></span> <span class='ocrx_word' id='word_1_64' title='bbox 1369 913 1402 963; x_wconf 94' lang='lat' dir='ltr'><strong>ut</strong></span> <span class='ocrx_word' id='word_1_65' title='bbox 1418 904 1462 964; x_wconf 92' lang='lat' dir='ltr'><strong>in·</strong></span> 
     </span>
     <span class='ocr_line' id='line_1_9' title="bbox 168 1004 1462 1085; baseline 0.003 -22"><span class='ocrx_word' id='word_1_66' title='bbox 168 1004 243 1064; x_wconf 91' lang='lat' dir='ltr'><strong>situs</strong></span> <span class='ocrx_word' id='word_1_67' title='bbox 266 1004 357 1066; x_wconf 93' lang='lat' dir='ltr'><strong>illitus</strong></span> <span class='ocrx_word' id='word_1_68' title='bbox 380 1006 529 1081; x_wconf 76' lang='lat' dir='ltr'><strong>nequitus</strong></span> <span class='ocrx_word' id='word_1_69' title='bbox 574 1005 649 1065; x_wconf 90' lang='lat' dir='ltr'><strong>citus</strong></span> <span class='ocrx_word' id='word_1_70' title='bbox 673 1022 790 1081; x_wconf 88' lang='lat' dir='ltr'><strong>quoque</strong></span> <span class='ocrx_word' id='word_1_71' title='bbox 816 1004 887 1064; x_wconf 92' lang='lat' dir='ltr'><strong>iicet</strong></span> <span class='ocrx_word' id='word_1_72' title='bbox 908 1005 1056 1084; x_wconf 89' lang='lat' dir='ltr'><strong>corripere</strong></span> <span class='ocrx_word' id='word_1_73' title='bbox 1074 1014 1103 1065; x_wconf 92' lang='lat' dir='ltr'><strong>et</strong></span> <span class='ocrx_word' id='word_1_74' title='bbox 1123 1008 1301 1085; x_wconf 88' lang='lat' dir='ltr'><strong>producere:</strong></span> <span class='ocrx_word' id='word_1_75' title='bbox 1338 1006 1462 1067; x_wconf 89' lang='lat' dir='ltr'><strong>dicimus</strong></span> 
     </span>
     <span class='ocr_line' id='line_1_10' title="bbox 168 1101 1513 1185; baseline -0.001 -20"><span class='ocrx_word' id='word_1_76' title='bbox 168 1106 245 1168; x_wconf 91' lang='lat' dir='ltr'><strong>euim</strong></span> <span class='ocrx_word' id='word_1_77' title='bbox 273 1106 381 1167; x_wconf 92' lang='lat' dir='ltr'><strong>incitus</strong></span> <span class='ocrx_word' id='word_1_78' title='bbox 410 1114 439 1165; x_wconf 91' lang='lat' dir='ltr'><strong>et</strong></span> <span class='ocrx_word' id='word_1_79' title='bbox 466 1106 584 1167; x_wconf 88' lang='lat' dir='ltr'><strong>incitus.</strong></span> <span class='ocrx_word' id='word_1_80' title='bbox 630 1106 792 1185; x_wconf 90' lang='lat' dir='ltr'><strong>composita</strong></span> <span class='ocrx_word' id='word_1_81' title='bbox 820 1124 888 1166; x_wconf 90' lang='lat' dir='ltr'><strong>vero</strong></span> <span class='ocrx_word' id='word_1_82' title='bbox 916 1101 1010 1167; x_wconf 67' lang='lat' dir='ltr'><strong>affec</strong></span> <span class='ocrx_word' id='word_1_83' title='bbox 1032 1106 1058 1168; x_wconf 91' lang='lat' dir='ltr'><strong>is</strong></span> <span class='ocrx_word' id='word_1_84' title='bbox 1078 1106 1167 1167; x_wconf 86' lang='lat' dir='ltr'><strong>verbo</strong></span> <span class='ocrx_word' id='word_1_85' title='bbox 1195 1106 1407 1185; x_wconf 89' lang='lat' dir='ltr'><strong>corripiuntur,</strong></span> <span class='ocrx_word' id='word_1_86' title='bbox 1430 1113 1462 1166; x_wconf 91' lang='lat' dir='ltr'><strong>ut</strong></span> <span class='ocrx_word' id='word_1_87' title='bbox 1478 1112 1513 1163; x_wconf 88' lang='grc'><strong>30</strong></span> 
     </span>
     <span class='ocr_line' id='line_1_11' title="bbox 61 1196 1462 1293; baseline 0 -26"><span class='ocrx_word' id='word_1_88' title='bbox 61 1281 71 1293; x_wconf 42' lang='grc'><em>.</em></span> <span class='ocrx_word' id='word_1_89' title='bbox 167 1206 264 1269; x_wconf 88' lang='lat' dir='ltr'><strong>aditus</strong></span> <span class='ocrx_word' id='word_1_90' title='bbox 283 1196 459 1287; x_wconf 87' lang='lat' dir='ltr'><strong>praeteritus</strong></span> <span class='ocrx_word' id='word_1_91' title='bbox 482 1208 588 1269; x_wconf 90' lang='lat' dir='ltr'><strong>obitus.</strong></span> <span class='ocrx_word' id='word_1_92' title='bbox 623 1227 640 1267; x_wconf 90' lang='lat' dir='ltr'><strong>a</strong></span> <span class='ocrx_word' id='word_1_93' title='bbox 663 1208 699 1267; x_wconf 96' lang='lat' dir='ltr'><strong>do</strong></span> <span class='ocrx_word' id='word_1_94' title='bbox 721 1225 837 1285; x_wconf 93' lang='lat' dir='ltr'><strong>quoque</strong></span> <span class='ocrx_word' id='word_1_95' title='bbox 859 1215 889 1267; x_wconf 90' lang='lat' dir='ltr'><strong>et</strong></span> <span class='ocrx_word' id='word_1_96' title='bbox 909 1226 926 1267; x_wconf 88' lang='lat' dir='ltr'><strong>a</strong></span> <span class='ocrx_word' id='word_1_97' title='bbox 949 1214 995 1269; x_wconf 91' lang='lat' dir='ltr'><strong>sto</strong></span> <span class='ocrx_word' id='word_1_98' title='bbox 1018 1209 1180 1286; x_wconf 89' lang='lat' dir='ltr'><strong>composita</strong></span> <span class='ocrx_word' id='word_1_99' title='bbox 1200 1207 1412 1286; x_wconf 87' lang='lat' dir='ltr'><strong>corripiuntur,</strong></span> <span class='ocrx_word' id='word_1_100' title='bbox 1431 1215 1462 1267; x_wconf 95' lang='lat' dir='ltr'><strong>ut</strong></span> 
     </span>
     <span class='ocr_line' id='line_1_12' title="bbox 134 1308 1461 1385; baseline -0.003 -14"><span class='ocrx_word' id='word_1_101' title='bbox 134 1309 271 1384; x_wconf 80' lang='lat' dir='ltr'><strong>rodatus3</strong></span> <span class='ocrx_word' id='word_1_102' title='bbox 294 1308 362 1369; x_wconf 89' lang='lat' dir='ltr'><strong>iude</strong></span> <span class='ocrx_word' id='word_1_103' title='bbox 378 1310 410 1369; x_wconf 85' lang='lat' dir='ltr'><strong>sn</strong></span> <span class='ocrx_word' id='word_1_104' title='bbox 431 1308 555 1369; x_wconf 90' lang='lat' dir='ltr'><strong>inditus:</strong></span> <span class='ocrx_word' id='word_1_105' title='bbox 578 1317 671 1369; x_wconf 90' lang='lat' dir='ltr'><strong>status</strong></span> <span class='ocrx_word' id='word_1_106' title='bbox 679 1328 687 1385; x_wconf 90' lang='lat'>;</span> <span class='ocrx_word' id='word_1_107' title='bbox 710 1308 778 1369; x_wconf 90' lang='lat' dir='ltr'><strong>iude</strong></span> <span class='ocrx_word' id='word_1_108' title='bbox 800 1308 832 1368; x_wconf 86' lang='lat' dir='ltr'><strong>nt</strong></span> <span class='ocrx_word' id='word_1_109' title='bbox 851 1309 978 1369; x_wconf 88' lang='lat' dir='ltr'><strong>iustitus.</strong></span> <span class='ocrx_word' id='word_1_110' title='bbox 1014 1327 1119 1369; x_wconf 86' lang='lat' dir='ltr'><strong>arear</strong></span> <span class='ocrx_word' id='word_1_111' title='bbox 1138 1308 1286 1382; x_wconf 91' lang='lat' dir='ltr'><strong>similiter,</strong></span> <span class='ocrx_word' id='word_1_112' title='bbox 1310 1316 1341 1369; x_wconf 94' lang='lat' dir='ltr'><strong>ut</strong></span> <span class='ocrx_word' id='word_1_113' title='bbox 1364 1315 1461 1382; x_wconf 83' lang='lat' dir='ltr'><strong>ratus3</strong></span> 
     </span>
     <span class='ocr_line' id='line_1_13' title="bbox 167 1406 1460 1491; baseline -0.001 -22"><span class='ocrx_word' id='word_1_114' title='bbox 167 1409 235 1469; x_wconf 90' lang='lat' dir='ltr'><strong>iude</strong></span> <span class='ocrx_word' id='word_1_115' title='bbox 258 1410 290 1469; x_wconf 85' lang='lat' dir='ltr'><strong>nt</strong></span> <span class='ocrx_word' id='word_1_116' title='bbox 311 1410 420 1471; x_wconf 89' lang='lat' dir='ltr'><strong>irritus.</strong></span> <span class='ocrx_word' id='word_1_117' title='bbox 465 1430 482 1471; x_wconf 92' lang='lat' dir='ltr'><strong>a</strong></span> <span class='ocrx_word' id='word_1_118' title='bbox 505 1410 584 1490; x_wconf 92' lang='lat' dir='ltr'><strong>spiro</strong></span> <span class='ocrx_word' id='word_1_119' title='bbox 612 1428 728 1488; x_wconf 92' lang='lat' dir='ltr'><strong>quoque</strong></span> <span class='ocrx_word' id='word_1_120' title='bbox 751 1418 781 1470; x_wconf 95' lang='lat' dir='ltr'><strong>et</strong></span> <span class='ocrx_word' id='word_1_121' title='bbox 801 1410 869 1470; x_wconf 91' lang='lat' dir='ltr'><strong>balo</strong></span> <span class='ocrx_word' id='word_1_122' title='bbox 892 1410 1010 1471; x_wconf 92' lang='lat' dir='ltr'><strong>nomina</strong></span> <span class='ocrx_word' id='word_1_123' title='bbox 1036 1409 1179 1471; x_wconf 89' lang='lat' dir='ltr'><strong>venientia</strong></span> <span class='ocrx_word' id='word_1_124' title='bbox 1200 1408 1384 1482; x_wconf 87' lang='lat' dir='ltr'><strong>breviantur,</strong></span> <span class='ocrx_word' id='word_1_125' title='bbox 1406 1406 1460 1491; x_wconf 74' lang='lat' dir='ltr'><strong>uti</strong></span> 
     </span>
     <span class='ocr_line' id='line_1_14' title="bbox 137 1488 1462 1590; baseline -0.001 -19"><span class='ocrx_word' id='word_1_126' title='bbox 137 1488 141 1503; x_wconf 52' lang='lat'>⁸</span> <span class='ocrx_word' id='word_1_127' title='bbox 168 1510 288 1590; x_wconf 88' lang='lat' dir='ltr'><strong>spiritus</strong></span> <span class='ocrx_word' id='word_1_128' title='bbox 318 1512 434 1573; x_wconf 91' lang='lat' dir='ltr'><strong>balitus.</strong></span> <span class='ocrx_word' id='word_1_129' title='bbox 479 1512 515 1571; x_wconf 90' lang='lat' dir='ltr'><strong>ab</strong></span> <span class='ocrx_word' id='word_1_130' title='bbox 547 1511 644 1571; x_wconf 90' lang='lat' dir='ltr'><strong>ambio</strong></span> <span class='ocrx_word' id='word_1_131' title='bbox 671 1511 812 1571; x_wconf 90' lang='lat' dir='ltr'><strong>ambitus:</strong></span> <span class='ocrx_word' id='word_1_132' title='bbox 842 1511 895 1572; x_wconf 88' lang='lat' dir='ltr'><strong>sed</strong></span> <span class='ocrx_word' id='word_1_133' title='bbox 925 1511 1043 1588; x_wconf 91' lang='lat' dir='ltr'><strong>quando</strong></span> <span class='ocrx_word' id='word_1_134' title='bbox 1072 1511 1258 1590; x_wconf 86' lang='lat' dir='ltr'><strong>participium</strong></span> <span class='ocrx_word' id='word_1_135' title='bbox 1281 1520 1341 1585; x_wconf 90' lang='lat' dir='ltr'><strong>est,</strong></span> <span class='ocrx_word' id='word_1_136' title='bbox 1365 1508 1462 1572; x_wconf 84' lang='lat' dir='ltr'><strong>servat</strong></span> 
     </span>
     <span class='ocr_line' id='line_1_15' title="bbox 166 1608 1554 1692; baseline -0.001 -20"><span class='ocrx_word' id='word_1_137' title='bbox 166 1611 339 1691; x_wconf 88' lang='lat' dir='ltr'><strong>productam</strong></span> <span class='ocrx_word' id='word_1_138' title='bbox 367 1613 585 1692; x_wconf 90' lang='lat' dir='ltr'><strong>paenultimam.</strong></span> <span class='ocrx_word' id='word_1_139' title='bbox 631 1634 646 1675; x_wconf 94' lang='lat' dir='ltr'><strong>a</strong></span> <span class='ocrx_word' id='word_1_140' title='bbox 677 1621 762 1675; x_wconf 92' lang='lat' dir='ltr'><strong>rutus</strong></span> <span class='ocrx_word' id='word_1_141' title='bbox 795 1631 910 1690; x_wconf 89' lang='lat' dir='ltr'><strong>quoque</strong></span> <span class='ocrx_word' id='word_1_142' title='bbox 942 1612 1104 1692; x_wconf 89' lang='lat' dir='ltr'><strong>composita</strong></span> <span class='ocrx_word' id='word_1_143' title='bbox 1132 1612 1340 1691; x_wconf 90' lang='lat' dir='ltr'><strong>paenultimam</strong></span> <span class='ocrx_word' id='word_1_144' title='bbox 1369 1612 1461 1672; x_wconf 85' lang='lat' dir='ltr'><strong>couri·</strong></span> <span class='ocrx_word' id='word_1_145' title='bbox 1544 1608 1554 1625; x_wconf 90' lang='lat'><strong><em>‘</em></strong></span> 
     </span>
     <span class='ocr_line' id='line_1_16' title="bbox 166 1711 1509 1792; baseline 0 -20"><span class='ocrx_word' id='word_1_146' title='bbox 166 1711 266 1791; x_wconf 85' lang='lat' dir='ltr'><strong>piuut,</strong></span> <span class='ocrx_word' id='word_1_147' title='bbox 295 1723 326 1774; x_wconf 94' lang='lat' dir='ltr'><strong>ut</strong></span> <span class='ocrx_word' id='word_1_148' title='bbox 347 1717 448 1776; x_wconf 77' lang='lat' dir='ltr'><strong>erutus</strong></span> <span class='ocrx_word' id='word_1_149' title='bbox 471 1714 595 1776; x_wconf 89' lang='lat' dir='ltr'><strong>dirutus.</strong></span> <span class='ocrx_word' id='word_1_150' title='bbox 639 1713 799 1785; x_wconf 85' lang='lat' dir='ltr'><strong>notandum</strong></span> <span class='ocrx_word' id='word_1_151' title='bbox 824 1722 870 1776; x_wconf 91' lang='lat' dir='ltr'><strong>est</strong></span> <span class='ocrx_word' id='word_1_152' title='bbox 891 1731 1032 1792; x_wconf 90' lang='lat' dir='ltr'><strong>namque,</strong></span> <span class='ocrx_word' id='word_1_153' title='bbox 1056 1712 1134 1789; x_wconf 91' lang='lat' dir='ltr'><strong>quod</strong></span> <span class='ocrx_word' id='word_1_154' title='bbox 1157 1714 1246 1788; x_wconf 90' lang='lat' dir='ltr'><strong>haee,</strong></span> <span class='ocrx_word' id='word_1_155' title='bbox 1268 1713 1384 1792; x_wconf 86' lang='lat' dir='ltr'><strong>quando</strong></span> <span class='ocrx_word' id='word_1_156' title='bbox 1407 1732 1460 1772; x_wconf 91' lang='lat' dir='ltr'><strong>uo-</strong></span> <span class='ocrx_word' id='word_1_157' title='bbox 1477 1729 1509 1782; x_wconf 81' lang='lat'><strong>31</strong></span> 
     </span>
     <span class='ocr_line' id='line_1_17' title="bbox 132 1812 1463 1895; baseline 0 -21"><span class='ocrx_word' id='word_1_158' title='bbox 132 1812 248 1875; x_wconf 72' lang='lat' dir='ltr'><strong>uomina</strong></span> <span class='ocrx_word' id='word_1_159' title='bbox 271 1824 356 1889; x_wconf 86' lang='lat' dir='ltr'><strong>sunt,</strong></span> <span class='ocrx_word' id='word_1_160' title='bbox 378 1824 511 1895; x_wconf 89' lang='lat' dir='ltr'><strong>tempore</strong></span> <span class='ocrx_word' id='word_1_161' title='bbox 534 1823 650 1890; x_wconf 87' lang='lat' dir='ltr'><strong>carent,</strong></span> <span class='ocrx_word' id='word_1_162' title='bbox 666 1816 782 1895; x_wconf 90' lang='lat' dir='ltr'><strong>quaudo</strong></span> <span class='ocrx_word' id='word_1_163' title='bbox 806 1834 873 1876; x_wconf 89' lang='lat' dir='ltr'><strong>vero</strong></span> <span class='ocrx_word' id='word_1_164' title='bbox 894 1813 1063 1894; x_wconf 90' lang='lat' dir='ltr'><strong>partieipia,</strong></span> <span class='ocrx_word' id='word_1_165' title='bbox 1086 1821 1203 1893; x_wconf 90' lang='lat' dir='ltr'><strong>tempus</strong></span> <span class='ocrx_word' id='word_1_166' title='bbox 1226 1832 1292 1874; x_wconf 90' lang='lat' dir='ltr'><strong>eum</strong></span> <span class='ocrx_word' id='word_1_167' title='bbox 1316 1813 1463 1892; x_wconf 79' lang='lat' dir='ltr'><strong>signitica-</strong></span> 
     </span>
     <span class='ocr_line' id='line_1_18' title="bbox 168 1914 1460 1991; baseline 0 -16"><span class='ocrx_word' id='word_1_168' title='bbox 168 1914 247 1976; x_wconf 89' lang='lat' dir='ltr'><strong>tione</strong></span> <span class='ocrx_word' id='word_1_169' title='bbox 263 1915 481 1991; x_wconf 89' lang='lat' dir='ltr'><strong>demonstrant,</strong></span> <span class='ocrx_word' id='word_1_170' title='bbox 504 1926 536 1979; x_wconf 92' lang='lat' dir='ltr'><strong>ut</strong></span> <span class='ocrx_word' id='word_1_171' title='bbox 563 1918 695 1979; x_wconf 80' lang='lat' dir='ltr'><strong>‘amatus</strong></span> <span class='ocrx_word' id='word_1_172' title='bbox 721 1936 787 1979; x_wconf 88' lang='lat' dir='ltr'><strong>sum</strong></span> <span class='ocrx_word' id='word_1_173' title='bbox 809 1916 918 1990; x_wconf 90' lang='lat' dir='ltr'><strong>illum’,</strong></span> <span class='ocrx_word' id='word_1_174' title='bbox 948 1916 977 1976; x_wconf 94' lang='lat' dir='ltr'><strong>id</strong></span> <span class='ocrx_word' id='word_1_175' title='bbox 1001 1925 1046 1975; x_wconf 92' lang='lat' dir='ltr'><strong>est</strong></span> <span class='ocrx_word' id='word_1_176' title='bbox 1067 1916 1172 1976; x_wconf 79' lang='lat' dir='ltr'><strong>‘amavi</strong></span> <span class='ocrx_word' id='word_1_177' title='bbox 1194 1914 1297 1976; x_wconf 91' lang='lat' dir='ltr'><strong>illum&#39;.</strong></span> <span class='ocrx_word' id='word_1_178' title='bbox 1322 1915 1460 1975; x_wconf 85' lang='lat' dir='ltr'><strong>nomina</strong></span> 
     </span>
     <span class='ocr_line' id='line_1_19' title="bbox 166 2016 1461 2097; baseline 0 -20"><span class='ocrx_word' id='word_1_179' title='bbox 166 2036 236 2077; x_wconf 92' lang='lat' dir='ltr'><strong>vere</strong></span> <span class='ocrx_word' id='word_1_180' title='bbox 255 2017 360 2097; x_wconf 80' lang='lat' dir='ltr'><strong>¹tertiae</strong></span> <span class='ocrx_word' id='word_1_181' title='bbox 380 2018 583 2079; x_wconf 86' lang='lat' dir='ltr'><strong>declinationis</strong></span> <span class='ocrx_word' id='word_1_182' title='bbox 598 2018 783 2079; x_wconf 84' lang='lat' dir='ltr'><strong>terminantia</strong></span> <span class='ocrx_word' id='word_1_183' title='bbox 798 2038 833 2079; x_wconf 92' lang='lat' dir='ltr'><strong>us</strong></span> <span class='ocrx_word' id='word_1_184' title='bbox 849 2017 1059 2078; x_wconf 81' lang='lat' dir='ltr'><strong>nominativum</strong></span> <span class='ocrx_word' id='word_1_185' title='bbox 1081 2016 1261 2087; x_wconf 86' lang='lat' dir='ltr'><strong>breviantur,</strong></span> <span class='ocrx_word' id='word_1_186' title='bbox 1280 2034 1354 2093; x_wconf 91' lang='lat' dir='ltr'><strong>quae</strong></span> <span class='ocrx_word' id='word_1_187' title='bbox 1374 2034 1461 2095; x_wconf 88' lang='lat' dir='ltr'><strong>supra</strong></span> 
     </span>
     <span class='ocr_line' id='line_1_20' title="bbox 168 2116 1460 2213; baseline 0 -36"><span class='ocrx_word' id='word_1_188' title='bbox 168 2117 254 2179; x_wconf 90' lang='lat' dir='ltr'><strong>dictis</strong></span> <span class='ocrx_word' id='word_1_189' title='bbox 270 2120 461 2194; x_wconf 89' lang='lat' dir='ltr'><strong>conveniunt,</strong></span> <span class='ocrx_word' id='word_1_190' title='bbox 486 2128 517 2180; x_wconf 95' lang='lat' dir='ltr'><strong>ut</strong></span> <span class='ocrx_word' id='word_1_191' title='bbox 537 2119 662 2179; x_wconf 89' lang='lat' dir='ltr'><strong>servitus</strong></span> <span class='ocrx_word' id='word_1_192' title='bbox 682 2116 842 2200; x_wconf 75' lang='lat' dir='ltr'><strong>[lraxinusz</strong></span> <span class='ocrx_word' id='word_1_193' title='bbox 867 2117 1011 2197; x_wconf 81' lang='lat' dir='ltr'><strong>excipitur</strong></span> <span class='ocrx_word' id='word_1_194' title='bbox 1023 2136 1169 2197; x_wconf 70' lang='lat' dir='ltr'><strong>papyrus,</strong></span> <span class='ocrx_word' id='word_1_195' title='bbox 1185 2118 1265 2213; x_wconf 81' lang='lat' dir='ltr'><strong>quod</strong></span> <span class='ocrx_word' id='word_1_196' title='bbox 1280 2117 1460 2197; x_wconf 86' lang='lat' dir='ltr'><strong>producitur,</strong></span> 
     </span>
     <span class='ocr_line' id='line_1_21' title="bbox 168 2218 1511 2301; baseline 0 -22"><span class='ocrx_word' id='word_1_197' title='bbox 168 2228 199 2279; x_wconf 93' lang='lat' dir='ltr'><strong>ut</strong></span> <span class='ocrx_word' id='word_1_198' title='bbox 220 2219 307 2281; x_wconf 91' lang='lat' dir='ltr'><strong>buius</strong></span> <span class='ocrx_word' id='word_1_199' title='bbox 327 2220 453 2301; x_wconf 62' lang='lat' dir='ltr'><strong>papyrii</strong></span> <span class='ocrx_word' id='word_1_200' title='bbox 499 2220 552 2281; x_wconf 90' lang='lat' dir='ltr'><strong>alia</strong></span> <span class='ocrx_word' id='word_1_201' title='bbox 576 2238 643 2281; x_wconf 89' lang='lat' dir='ltr'><strong>vero</strong></span> <span class='ocrx_word' id='word_1_202' title='bbox 666 2221 775 2295; x_wconf 90' lang='lat' dir='ltr'><strong>omnia,</strong></span> <span class='ocrx_word' id='word_1_203' title='bbox 805 2238 981 2299; x_wconf 91' lang='lat' dir='ltr'><strong>quamquam</strong></span> <span class='ocrx_word' id='word_1_204' title='bbox 1005 2238 1063 2278; x_wconf 91' lang='lat' dir='ltr'><strong>uon</strong></span> <span class='ocrx_word' id='word_1_205' title='bbox 1085 2218 1144 2279; x_wconf 90' lang='lat' dir='ltr'><strong>siut</strong></span> <span class='ocrx_word' id='word_1_206' title='bbox 1165 2218 1252 2297; x_wconf 79' lang='lat' dir='ltr'><strong>ionga</strong></span> <span class='ocrx_word' id='word_1_207' title='bbox 1274 2220 1305 2279; x_wconf 91' lang='lat' dir='ltr'><strong>iu</strong></span> <span class='ocrx_word' id='word_1_208' title='bbox 1325 2218 1459 2279; x_wconf 90' lang='lat' dir='ltr'><strong>nomina·</strong></span> <span class='ocrx_word' id='word_1_209' title='bbox 1475 2234 1511 2286; x_wconf 81' lang='lat'><strong>32</strong></span> 
     </span>
     <span class='ocr_line' id='line_1_22' title="bbox 133 2320 1461 2402; baseline 0.002 -24"><span class='ocrx_word' id='word_1_210' title='bbox 133 2321 244 2396; x_wconf 85' lang='lat' dir='ltr'><strong>activo,</strong></span> <span class='ocrx_word' id='word_1_211' title='bbox 269 2322 417 2383; x_wconf 89' lang='lat' dir='ltr'><strong>tamenin</strong></span> <span class='ocrx_word' id='word_1_212' title='bbox 441 2322 504 2384; x_wconf 93' lang='lat' dir='ltr'><strong>aliis</strong></span> <span class='ocrx_word' id='word_1_213' title='bbox 530 2322 648 2383; x_wconf 90' lang='lat' dir='ltr'><strong>casibus</strong></span> <span class='ocrx_word' id='word_1_214' title='bbox 671 2322 859 2402; x_wconf 87' lang='lat' dir='ltr'><strong>producenda</strong></span> <span class='ocrx_word' id='word_1_215' title='bbox 882 2328 966 2393; x_wconf 91' lang='lat' dir='ltr'><strong>sunt,</strong></span> <span class='ocrx_word' id='word_1_216' title='bbox 989 2328 1021 2381; x_wconf 89' lang='lat' dir='ltr'><strong>ut</strong></span> <span class='ocrx_word' id='word_1_217' title='bbox 1042 2321 1168 2381; x_wconf 86' lang='lat' dir='ltr'><strong>servitus</strong></span> <span class='ocrx_word' id='word_1_218' title='bbox 1189 2320 1353 2396; x_wconf 87' lang='lat' dir='ltr'><strong>servitutis,</strong></span> <span class='ocrx_word' id='word_1_219' title='bbox 1375 2320 1461 2401; x_wconf 90' lang='lat' dir='ltr'><strong>palus</strong></span> 
     </span>
     <span class='ocr_line' id='line_1_23' title="bbox 167 2420 1459 2504; baseline 0.002 -23"><span class='ocrx_word' id='word_1_220' title='bbox 167 2420 297 2500; x_wconf 89' lang='lat' dir='ltr'><strong>paludis,</strong></span> <span class='ocrx_word' id='word_1_221' title='bbox 325 2421 460 2484; x_wconf 89' lang='lat' dir='ltr'><strong>iuventus</strong></span> <span class='ocrx_word' id='word_1_222' title='bbox 487 2423 661 2485; x_wconf 87' lang='lat' dir='ltr'><strong>iuventutis:</strong></span> <span class='ocrx_word' id='word_1_223' title='bbox 699 2423 883 2504; x_wconf 90' lang='lat' dir='ltr'><strong>excipiuntur</strong></span> <span class='ocrx_word' id='word_1_224' title='bbox 908 2423 996 2496; x_wconf 89' lang='lat' dir='ltr'><strong>baec,</strong></span> <span class='ocrx_word' id='word_1_225' title='bbox 1021 2440 1097 2501; x_wconf 91' lang='lat' dir='ltr'><strong>quae</strong></span> <span class='ocrx_word' id='word_1_226' title='bbox 1122 2422 1340 2501; x_wconf 85' lang='lat' dir='ltr'><strong>corripiuntur,</strong></span> <span class='ocrx_word' id='word_1_227' title='bbox 1363 2422 1459 2484; x_wconf 82' lang='lat' dir='ltr'><strong>Venus</strong></span> 
     </span>
     <span class='ocr_line' id='line_1_24' title="bbox 167 2522 1460 2605; baseline 0.002 -23"><span class='ocrx_word' id='word_1_228' title='bbox 167 2522 303 2597; x_wconf 89' lang='lat' dir='ltr'><strong>Veneris,</strong></span> <span class='ocrx_word' id='word_1_229' title='bbox 333 2523 423 2603; x_wconf 85' lang='lat' dir='ltr'><strong>Ligus</strong></span> <span class='ocrx_word' id='word_1_230' title='bbox 448 2524 581 2603; x_wconf 82' lang='lat' dir='ltr'><strong>Liguris,</strong></span> <span class='ocrx_word' id='word_1_231' title='bbox 608 2524 692 2605; x_wconf 91' lang='lat' dir='ltr'><strong>lepus</strong></span> <span class='ocrx_word' id='word_1_232' title='bbox 714 2526 838 2604; x_wconf 86' lang='lat' dir='ltr'><strong>leporis,</strong></span> <span class='ocrx_word' id='word_1_233' title='bbox 861 2524 939 2603; x_wconf 93' lang='lat' dir='ltr'><strong>quod</strong></span> <span class='ocrx_word' id='word_1_234' title='bbox 962 2523 1069 2584; x_wconf 89' lang='lat' dir='ltr'><strong>animal</strong></span> <span class='ocrx_word' id='word_1_235' title='bbox 1087 2532 1141 2585; x_wconf 88' lang='lat' dir='ltr'><strong>est.</strong></span> <span class='ocrx_word' id='word_1_236' title='bbox 1186 2524 1304 2603; x_wconf 89' lang='lat' dir='ltr'><strong>propria</strong></span> <span class='ocrx_word' id='word_1_237' title='bbox 1326 2543 1394 2585; x_wconf 90' lang='lat' dir='ltr'><strong>vero</strong></span> <span class='ocrx_word' id='word_1_238' title='bbox 1415 2524 1460 2584; x_wconf 90' lang='lat' dir='ltr'><strong>vel</strong></span> 
     </span>
     <span class='ocr_line' id='line_1_25' title="bbox 166 2623 1531 2705; baseline 0.002 -21"><span class='ocrx_word' id='word_1_239' title='bbox 166 2624 338 2704; x_wconf 89' lang='lat' dir='ltr'><strong>appellativa</strong></span> <span class='ocrx_word' id='word_1_240' title='bbox 367 2625 521 2688; x_wconf 89' lang='lat' dir='ltr'><strong>masculini</strong></span> <span class='ocrx_word' id='word_1_241' title='bbox 551 2627 682 2705; x_wconf 78' lang='lat' dir='ltr'><strong>generis,</strong></span> <span class='ocrx_word' id='word_1_242' title='bbox 713 2626 773 2688; x_wconf 89' lang='lat' dir='ltr'><strong>sive</strong></span> <span class='ocrx_word' id='word_1_243' title='bbox 802 2644 836 2687; x_wconf 86' lang='lat' dir='ltr'><strong>ex</strong></span> <span class='ocrx_word' id='word_1_244' title='bbox 867 2644 899 2688; x_wconf 91' lang='lat' dir='ltr'><strong>se</strong></span> <span class='ocrx_word' id='word_1_245' title='bbox 934 2623 1073 2687; x_wconf 81' lang='lat' dir='ltr'><strong>feminina</strong></span> <span class='ocrx_word' id='word_1_246' title='bbox 1097 2624 1220 2698; x_wconf 83' lang='lat' dir='ltr'><strong>laniunt,</strong></span> <span class='ocrx_word' id='word_1_247' title='bbox 1249 2624 1310 2686; x_wconf 89' lang='lat' dir='ltr'><strong>sive</strong></span> <span class='ocrx_word' id='word_1_248' title='bbox 1329 2624 1359 2685; x_wconf 93' lang='lat' dir='ltr'><strong>in</strong></span> <span class='ocrx_word' id='word_1_249' title='bbox 1382 2625 1459 2687; x_wconf 92' lang='lat' dir='ltr'><strong>aliud</strong></span> <span class='ocrx_word' id='word_1_250' title='bbox 1523 2646 1531 2664; x_wconf 64' lang='grc'>1</span> 
     </span>
     <span class='ocr_line' id='line_1_26' title="bbox 166 2723 1459 2810; baseline 0.002 -24"><span class='ocrx_word' id='word_1_251' title='bbox 166 2723 276 2810; x_wconf 70' lang='lat' dir='ltr'><strong>gellone</strong></span> <span class='ocrx_word' id='word_1_252' title='bbox 305 2726 423 2787; x_wconf 91' lang='lat' dir='ltr'><strong>minime</strong></span> <span class='ocrx_word' id='word_1_253' title='bbox 451 2726 738 2810; x_wconf 63' lang='lat' dir='ltr'><strong>transformatum!</strong></span> <span class='ocrx_word' id='word_1_254' title='bbox 763 2728 945 2803; x_wconf 88' lang='lat' dir='ltr'><strong>breviantur,</strong></span> <span class='ocrx_word' id='word_1_255' title='bbox 979 2735 1011 2788; x_wconf 91' lang='lat' dir='ltr'><strong>ut</strong></span> <span class='ocrx_word' id='word_1_256' title='bbox 1041 2726 1195 2787; x_wconf 82' lang='lat' dir='ltr'><strong>Terentius</strong></span> <span class='ocrx_word' id='word_1_257' title='bbox 1227 2724 1352 2788; x_wconf 83' lang='lat' dir='ltr'><strong>Marius:</strong></span> <span class='ocrx_word' id='word_1_258' title='bbox 1383 2728 1459 2788; x_wconf 87' lang='lat' dir='ltr'><strong>exei-</strong></span> 
     </span>
     <span class='ocr_line' id='line_1_27' title="bbox 128 2827 1458 2913; baseline -0.002 -22"><span class='ocrx_word' id='word_1_259' title='bbox 128 2828 287 2908; x_wconf 81' lang='lat' dir='ltr'><strong>rapiuntur</strong></span> <span class='ocrx_word' id='word_1_260' title='bbox 308 2828 381 2891; x_wconf 88' lang='lat' dir='ltr'><strong>haee</strong></span> <span class='ocrx_word' id='word_1_261' title='bbox 402 2845 476 2907; x_wconf 89' lang='lat' dir='ltr'><strong>quae</strong></span> <span class='ocrx_word' id='word_1_262' title='bbox 499 2829 608 2890; x_wconf 89' lang='lat' dir='ltr'><strong>babent</strong></span> <span class='ocrx_word' id='word_1_263' title='bbox 630 2848 645 2888; x_wconf 92' lang='lat' dir='ltr'><strong>a</strong></span> <span class='ocrx_word' id='word_1_264' title='bbox 666 2828 696 2889; x_wconf 88' lang='lat' dir='ltr'><strong>iu</strong></span> <span class='ocrx_word' id='word_1_265' title='bbox 719 2828 897 2908; x_wconf 89' lang='lat' dir='ltr'><strong>paenultima</strong></span> <span class='ocrx_word' id='word_1_266' title='bbox 919 2828 965 2888; x_wconf 87' lang='lat' dir='ltr'><strong>vel</strong></span> <span class='ocrx_word' id='word_1_267' title='bbox 985 2828 1204 2908; x_wconf 88' lang='lat' dir='ltr'><strong>possessiouem</strong></span> <span class='ocrx_word' id='word_1_268' title='bbox 1227 2827 1393 2904; x_wconf 82' lang='lat' dir='ltr'><strong>significant</strong></span> <span class='ocrx_word' id='word_1_269' title='bbox 1413 2829 1458 2913; x_wconf 71' lang='lat' dir='ltr'><strong>vel</strong></span> 
     </span>
     <span class='ocr_line' id='line_1_28' title="bbox 166 2928 1459 3009; baseline 0 -20"><span class='ocrx_word' id='word_1_270' title='bbox 166 2948 182 2988; x_wconf 91' lang='lat' dir='ltr'><strong>a</strong></span> <span class='ocrx_word' id='word_1_271' title='bbox 206 2928 428 3009; x_wconf 83' lang='lat' dir='ltr'><strong>possessoribus</strong></span> <span class='ocrx_word' id='word_1_272' title='bbox 458 2929 639 3004; x_wconf 89' lang='lat' dir='ltr'><strong>derivantur,</strong></span> <span class='ocrx_word' id='word_1_273' title='bbox 667 2939 697 2992; x_wconf 94' lang='lat' dir='ltr'><strong>ut</strong></span> <span class='ocrx_word' id='word_1_274' title='bbox 716 2928 863 2991; x_wconf 86' lang='lat' dir='ltr'><strong>Marianus</strong></span> <span class='ocrx_word' id='word_1_275' title='bbox 885 2929 1078 2990; x_wconf 87' lang='lat' dir='ltr'><strong>Terentianus</strong></span> <span class='ocrx_word' id='word_1_276' title='bbox 1100 2929 1258 3007; x_wconf 88' lang='lat' dir='ltr'><strong>Capuauus</strong></span> <span class='ocrx_word' id='word_1_277' title='bbox 1279 2928 1459 2990; x_wconf 88' lang='lat' dir='ltr'><strong>Beneventa-</strong></span> 
     </span>
     <span class='ocr_line' id='line_1_29' title="bbox 165 3028 1460 3112; baseline 0.001 -22"><span class='ocrx_word' id='word_1_278' title='bbox 165 3049 222 3092; x_wconf 94' lang='lat' dir='ltr'><strong>uus</strong></span> <span class='ocrx_word' id='word_1_279' title='bbox 248 3030 396 3110; x_wconf 87' lang='lat' dir='ltr'><strong>Hispanus</strong></span> <span class='ocrx_word' id='word_1_280' title='bbox 424 3028 611 3092; x_wconf 90' lang='lat' dir='ltr'><strong>Placentinus</strong></span> <span class='ocrx_word' id='word_1_281' title='bbox 638 3031 789 3112; x_wconf 88' lang='lat' dir='ltr'><strong>leporinus</strong></span> <span class='ocrx_word' id='word_1_282' title='bbox 812 3031 953 3092; x_wconf 86' lang='lat' dir='ltr'><strong>taurinus.</strong></span> <span class='ocrx_word' id='word_1_283' title='bbox 999 3048 1073 3107; x_wconf 91' lang='lat' dir='ltr'><strong>quae</strong></span> <span class='ocrx_word' id='word_1_284' title='bbox 1097 3037 1194 3090; x_wconf 89' lang='lat' dir='ltr'><strong>autem</strong></span> <span class='ocrx_word' id='word_1_285' title='bbox 1214 3030 1324 3090; x_wconf 86' lang='lat' dir='ltr'><strong>habeut</strong></span> <span class='ocrx_word' id='word_1_286' title='bbox 1345 3050 1362 3090; x_wconf 93' lang='lat' dir='ltr'><strong>e</strong></span> <span class='ocrx_word' id='word_1_287' title='bbox 1383 3031 1460 3091; x_wconf 88' lang='lat' dir='ltr'><strong>iuter</strong></span> 
     </span>
     <span class='ocr_line' id='line_1_30' title="bbox 165 3130 1459 3212; baseline 0.001 -21"><span class='ocrx_word' id='word_1_288' title='bbox 165 3130 173 3190; x_wconf 93' lang='lat' dir='ltr'><strong>i</strong></span> <span class='ocrx_word' id='word_1_289' title='bbox 197 3140 226 3191; x_wconf 88' lang='lat' dir='ltr'><strong>et</strong></span> <span class='ocrx_word' id='word_1_290' title='bbox 249 3151 266 3192; x_wconf 96' lang='lat' dir='ltr'><strong>u</strong></span> <span class='ocrx_word' id='word_1_291' title='bbox 289 3131 319 3192; x_wconf 93' lang='lat' dir='ltr'><strong>in</strong></span> <span class='ocrx_word' id='word_1_292' title='bbox 341 3131 520 3211; x_wconf 89' lang='lat' dir='ltr'><strong>paenultimo</strong></span> <span class='ocrx_word' id='word_1_293' title='bbox 541 3132 622 3206; x_wconf 89' lang='lat' dir='ltr'><strong>locu,</strong></span> <span class='ocrx_word' id='word_1_294' title='bbox 650 3131 864 3212; x_wconf 89' lang='lat' dir='ltr'><strong>corripiuntur,</strong></span> <span class='ocrx_word' id='word_1_295' title='bbox 891 3139 923 3192; x_wconf 94' lang='lat' dir='ltr'><strong>ut</strong></span> <span class='ocrx_word' id='word_1_296' title='bbox 950 3133 1082 3211; x_wconf 88' lang='lat' dir='ltr'><strong>porticus</strong></span> <span class='ocrx_word' id='word_1_297' title='bbox 1103 3130 1230 3192; x_wconf 89' lang='lat' dir='ltr'><strong>Gallicus</strong></span> <span class='ocrx_word' id='word_1_298' title='bbox 1257 3131 1374 3192; x_wconf 89' lang='lat' dir='ltr'><strong>italicus</strong></span> <span class='ocrx_word' id='word_1_299' title='bbox 1394 3131 1459 3192; x_wconf 81' lang='lat' dir='ltr'><strong>dle·</strong></span> 
     </span>
     <span class='ocr_line' id='line_1_31' title="bbox 165 3231 1361 3314; baseline 0.001 -22"><span class='ocrx_word' id='word_1_300' title='bbox 165 3232 318 3294; x_wconf 91' lang='lat' dir='ltr'><strong>mauuieus</strong></span> <span class='ocrx_word' id='word_1_301' title='bbox 343 3233 537 3294; x_wconf 85' lang='lat' dir='ltr'><strong>Romauieus:</strong></span> <span class='ocrx_word' id='word_1_302' title='bbox 566 3234 749 3314; x_wconf 88' lang='lat' dir='ltr'><strong>excipiuntur</strong></span> <span class='ocrx_word' id='word_1_303' title='bbox 774 3247 807 3293; x_wconf 85' lang='lat' dir='ltr'><strong>ea</strong></span> <span class='ocrx_word' id='word_1_304' title='bbox 833 3252 908 3311; x_wconf 90' lang='lat' dir='ltr'><strong>quae</strong></span> <span class='ocrx_word' id='word_1_305' title='bbox 931 3233 1096 3309; x_wconf 90' lang='lat' dir='ltr'><strong>habenta,</strong></span> <span class='ocrx_word' id='word_1_306' title='bbox 1120 3231 1361 3295; x_wconf 83' lang='lat' dir='ltr'><strong>utTauriua&#39;evvs.</strong></span> 
     </span>
     <span class='ocr_line' id='line_1_32' title="bbox 129 3331 1563 3424; baseline 0.001 -26"><span class='ocrx_word' id='word_1_307' title='bbox 129 3358 156 3398; x_wconf 83' lang='lat' dir='ltr'><strong>ao</strong></span> <span class='ocrx_word' id='word_1_308' title='bbox 251 3336 290 3394; x_wconf 77' lang='lat' dir='ltr'><strong>Ax</strong></span> <span class='ocrx_word' id='word_1_309' title='bbox 314 3332 422 3412; x_wconf 66' lang='lat' dir='ltr'><strong>syllaba</strong></span> <span class='ocrx_word' id='word_1_310' title='bbox 445 3335 597 3396; x_wconf 86' lang='lat' dir='ltr'><strong>terminata</strong></span> <span class='ocrx_word' id='word_1_311' title='bbox 627 3335 724 3396; x_wconf 90' lang='lat' dir='ltr'><strong>omnia</strong></span> <span class='ocrx_word' id='word_1_312' title='bbox 753 3335 966 3414; x_wconf 86' lang='lat' dir='ltr'><strong>corripiuntur,</strong></span> <span class='ocrx_word' id='word_1_313' title='bbox 995 3341 1027 3394; x_wconf 89' lang='lat' dir='ltr'><strong>ut</strong></span> <span class='ocrx_word' id='word_1_314' title='bbox 1047 3331 1207 3394; x_wconf 77' lang='lat' dir='ltr'><strong>contumax</strong></span> <span class='ocrx_word' id='word_1_315' title='bbox 1232 3335 1364 3414; x_wconf 76' lang='lat' dir='ltr'><strong>pertinax</strong></span> <span class='ocrx_word' id='word_1_316' title='bbox 1391 3338 1457 3415; x_wconf 76' lang='lat' dir='ltr'><strong>ptr·</strong></span> <span class='ocrx_word' id='word_1_317' title='bbox 1474 3349 1509 3402; x_wconf 79' lang='lat'><strong>33</strong></span> <span class='ocrx_word' id='word_1_318' title='bbox 1558 3415 1563 3424; x_wconf 28' lang='grc' dir='ltr'>Ι</span> 
     </span>
     <span class='ocr_line' id='line_1_33' title="bbox 165 3434 1460 3517; baseline 0.001 -21"><span class='ocrx_word' id='word_1_319' title='bbox 165 3436 260 3510; x_wconf 89' lang='lat' dir='ltr'><strong>vicax;</strong></span> <span class='ocrx_word' id='word_1_320' title='bbox 288 3443 317 3496; x_wconf 91' lang='lat' dir='ltr'><strong>et</strong></span> <span class='ocrx_word' id='word_1_321' title='bbox 347 3435 375 3496; x_wconf 94' lang='lat' dir='ltr'><strong>iu</strong></span> <span class='ocrx_word' id='word_1_322' title='bbox 399 3434 523 3514; x_wconf 91' lang='lat' dir='ltr'><strong>obliquis</strong></span> <span class='ocrx_word' id='word_1_323' title='bbox 548 3437 665 3498; x_wconf 86' lang='lat' dir='ltr'><strong>casibus</strong></span> <span class='ocrx_word' id='word_1_324' title='bbox 691 3437 910 3517; x_wconf 89' lang='lat' dir='ltr'><strong>producuntur,</strong></span> <span class='ocrx_word' id='word_1_325' title='bbox 933 3443 965 3496; x_wconf 96' lang='lat' dir='ltr'><strong>ut</strong></span> <span class='ocrx_word' id='word_1_326' title='bbox 984 3435 1164 3496; x_wconf 80' lang='lat' dir='ltr'><strong>contumacis</strong></span> <span class='ocrx_word' id='word_1_327' title='bbox 1185 3436 1342 3517; x_wconf 82' lang='lat' dir='ltr'><strong>pertinacis</strong></span> <span class='ocrx_word' id='word_1_328' title='bbox 1364 3437 1460 3515; x_wconf 87' lang='lat' dir='ltr'><strong>pervi-</strong></span> 
     </span>
     <span class='ocr_line' id='line_1_34' title="bbox 118 3536 1459 3618; baseline 0.001 -22"><span class='ocrx_word' id='word_1_329' title='bbox 118 3560 121 3566; x_wconf 49' lang='lat'>*</span> <span class='ocrx_word' id='word_1_330' title='bbox 165 3537 251 3597; x_wconf 78' lang='lat' dir='ltr'><strong>cleis.</strong></span> <span class='ocrx_word' id='word_1_331' title='bbox 297 3555 331 3596; x_wconf 88' lang='lat' dir='ltr'><strong>ex</strong></span> <span class='ocrx_word' id='word_1_332' title='bbox 360 3536 468 3616; x_wconf 71' lang='lat' dir='ltr'><strong>syllaba</strong></span> <span class='ocrx_word' id='word_1_333' title='bbox 497 3537 648 3598; x_wconf 90' lang='lat' dir='ltr'><strong>terminata</strong></span> <span class='ocrx_word' id='word_1_334' title='bbox 675 3537 860 3609; x_wconf 87' lang='lat' dir='ltr'><strong>breviantur,</strong></span> <span class='ocrx_word' id='word_1_335' title='bbox 888 3545 920 3598; x_wconf 93' lang='lat' dir='ltr'><strong>ut</strong></span> <span class='ocrx_word' id='word_1_336' title='bbox 949 3536 1051 3596; x_wconf 85' lang='lat' dir='ltr'><strong>artilex</strong></span> <span class='ocrx_word' id='word_1_337' title='bbox 1077 3537 1188 3598; x_wconf 84' lang='lat' dir='ltr'><strong>aurilex</strong></span> <span class='ocrx_word' id='word_1_338' title='bbox 1215 3538 1338 3598; x_wconf 88' lang='lat' dir='ltr'><strong>murilex</strong></span> <span class='ocrx_word' id='word_1_339' title='bbox 1363 3539 1459 3618; x_wconf 89' lang='lat' dir='ltr'><strong>opiiex</strong></span> 
     </span>
     <span class='ocr_line' id='line_1_35' title="bbox 164 3637 1458 3718; baseline 0.002 -20"><span class='ocrx_word' id='word_1_340' title='bbox 164 3638 286 3718; x_wconf 86' lang='lat' dir='ltr'><strong>opilicis.</strong></span> <span class='ocrx_word' id='word_1_341' title='bbox 333 3638 384 3698; x_wconf 88' lang='lat' dir='ltr'><strong>sed</strong></span> <span class='ocrx_word' id='word_1_342' title='bbox 414 3639 559 3718; x_wconf 90' lang='lat' dir='ltr'><strong>reperitur</strong></span> <span class='ocrx_word' id='word_1_343' title='bbox 586 3657 676 3700; x_wconf 88' lang='lat' dir='ltr'><strong>uuum</strong></span> <span class='ocrx_word' id='word_1_344' title='bbox 705 3638 860 3700; x_wconf 90' lang='lat' dir='ltr'><strong>masculini</strong></span> <span class='ocrx_word' id='word_1_345' title='bbox 887 3638 1019 3717; x_wconf 77' lang='lat' dir='ltr'><strong>generis,</strong></span> <span class='ocrx_word' id='word_1_346' title='bbox 1042 3640 1119 3716; x_wconf 91' lang='lat' dir='ltr'><strong>quod</strong></span> <span class='ocrx_word' id='word_1_347' title='bbox 1143 3637 1173 3698; x_wconf 91' lang='lat' dir='ltr'><strong>iu</strong></span> <span class='ocrx_word' id='word_1_348' title='bbox 1195 3639 1321 3718; x_wconf 90' lang='lat' dir='ltr'><strong>obliquis</strong></span> <span class='ocrx_word' id='word_1_349' title='bbox 1341 3639 1458 3700; x_wconf 89' lang='lat' dir='ltr'><strong>casibus</strong></span> 
     </span>
     <span class='ocr_line' id='line_1_36' title="bbox 164 3739 1509 3819; baseline 0.001 -19"><span class='ocrx_word' id='word_1_350' title='bbox 164 3761 181 3800; x_wconf 90' lang='lat' dir='ltr'><strong>e</strong></span> <span class='ocrx_word' id='word_1_351' title='bbox 208 3740 379 3819; x_wconf 83' lang='lat' dir='ltr'><strong>productam</strong></span> <span class='ocrx_word' id='word_1_352' title='bbox 408 3750 522 3816; x_wconf 87' lang='lat' dir='ltr'><strong>servat,</strong></span> <span class='ocrx_word' id='word_1_353' title='bbox 550 3749 582 3802; x_wconf 92' lang='lat' dir='ltr'><strong>ut</strong></span> <span class='ocrx_word' id='word_1_354' title='bbox 608 3739 656 3800; x_wconf 89' lang='lat' dir='ltr'><strong>bie</strong></span> <span class='ocrx_word' id='word_1_355' title='bbox 684 3759 786 3801; x_wconf 90' lang='lat' dir='ltr'><strong>vervex</strong></span> <span class='ocrx_word' id='word_1_356' title='bbox 812 3741 912 3802; x_wconf 75' lang='lat' dir='ltr'><strong>buius‘</strong></span> <span class='ocrx_word' id='word_1_357' title='bbox 928 3739 1072 3813; x_wconf 86' lang='lat' dir='ltr'><strong>vervecis,</strong></span> <span class='ocrx_word' id='word_1_358' title='bbox 1100 3739 1179 3818; x_wconf 93' lang='lat' dir='ltr'><strong>quod</strong></span> <span class='ocrx_word' id='word_1_359' title='bbox 1201 3739 1308 3801; x_wconf 89' lang='lat' dir='ltr'><strong>animal</strong></span> <span class='ocrx_word' id='word_1_360' title='bbox 1331 3747 1385 3801; x_wconf 86' lang='lat' dir='ltr'><strong>est.</strong></span> <span class='ocrx_word' id='word_1_361' title='bbox 1429 3740 1509 3810; x_wconf 77' lang='grc'>11131</span> 
     </span>
     <span class='ocr_line' id='line_1_37' title="bbox 129 3839 1460 3922; baseline -0.001 -21"><span class='ocrx_word' id='word_1_362' title='bbox 129 3839 275 3920; x_wconf 64' lang='lat' dir='ltr'><strong>msyliaba</strong></span> <span class='ocrx_word' id='word_1_363' title='bbox 297 3841 377 3910; x_wconf 84' lang='lat' dir='ltr'><strong>finita</strong></span> <span class='ocrx_word' id='word_1_364' title='bbox 402 3841 619 3921; x_wconf 90' lang='lat' dir='ltr'><strong>producuntur,</strong></span> <span class='ocrx_word' id='word_1_365' title='bbox 645 3849 677 3902; x_wconf 92' lang='lat' dir='ltr'><strong>ut</strong></span> <span class='ocrx_word' id='word_1_366' title='bbox 695 3841 828 3904; x_wconf 86' lang='lat' dir='ltr'><strong>bellatrix</strong></span> <span class='ocrx_word' id='word_1_367' title='bbox 846 3841 991 3903; x_wconf 86' lang='lat' dir='ltr'><strong>venatrix:</strong></span> <span class='ocrx_word' id='word_1_368' title='bbox 1015 3841 1199 3922; x_wconf 91' lang='lat' dir='ltr'><strong>excipiuntur</strong></span> <span class='ocrx_word' id='word_1_369' title='bbox 1219 3841 1356 3904; x_wconf 89' lang='lat' dir='ltr'><strong>meretrix</strong></span> <span class='ocrx_word' id='word_1_370' title='bbox 1378 3841 1460 3920; x_wconf 84' lang='lat' dir='ltr'><strong>geni-</strong></span> 
     </span>
    </p>
   </div>
   <div class='ocr_carea' id='block_1_4' title="bbox 162 4060 1460 4756">
    <p class='ocr_par' dir='ltr' id='par_1_4' title="bbox 162 4060 1460 4408">
     <span class='ocr_line' id='line_1_38' title="bbox 234 4060 1459 4129; baseline -0.001 -17"><span class='ocrx_word' id='word_1_371' title='bbox 234 4061 248 4112; x_wconf 91' lang='lat'>1</span> <span class='ocrx_word' id='word_1_372' title='bbox 268 4061 439 4126; x_wconf 87' lang='lat' dir='ltr'><strong>eloquentiam</strong></span> <span class='ocrx_word' id='word_1_373' title='bbox 454 4062 631 4129; x_wconf 79' lang='lat' dir='ltr'><strong>Grouinpnnus</strong></span> <span class='ocrx_word' id='word_1_374' title='bbox 649 4063 807 4126; x_wconf 87' lang='lat' dir='ltr'><strong>eloquentem</strong></span> <span class='ocrx_word' id='word_1_375' title='bbox 823 4062 876 4112; x_wconf 82' lang='lat' dir='ltr'><strong>GH</strong></span> <span class='ocrx_word' id='word_1_376' title='bbox 935 4061 952 4111; x_wconf 82' lang='lat'>8</span> <span class='ocrx_word' id='word_1_377' title='bbox 971 4063 1111 4128; x_wconf 84' lang='lat' dir='ltr'><strong>compositu</strong></span> <span class='ocrx_word' id='word_1_378' title='bbox 1127 4078 1189 4112; x_wconf 90' lang='lat' dir='ltr'><strong>uero</strong></span> <span class='ocrx_word' id='word_1_379' title='bbox 1202 4064 1234 4112; x_wconf 84' lang='lat' dir='ltr'><strong>ab</strong></span> <span class='ocrx_word' id='word_1_380' title='bbox 1253 4063 1289 4112; x_wconf 91' lang='lat' dir='ltr'><strong>iui</strong></span> <span class='ocrx_word' id='word_1_381' title='bbox 1303 4070 1329 4112; x_wconf 90' lang='lat' dir='ltr'><strong>et</strong></span> <span class='ocrx_word' id='word_1_382' title='bbox 1344 4060 1361 4111; x_wconf 91' lang='lat' dir='ltr'><strong>ii</strong></span> <span class='ocrx_word' id='word_1_383' title='bbox 1380 4060 1459 4111; x_wconf 84' lang='lat' dir='ltr'><strong>corri-</strong></span> 
     </span>
     <span class='ocr_line' id='line_1_39' title="bbox 163 4131 1460 4200; baseline -0.002 -18"><span class='ocrx_word' id='word_1_384' title='bbox 163 4133 268 4200; x_wconf 88' lang='lat' dir='ltr'><strong>piuntnr</strong></span> <span class='ocrx_word' id='word_1_385' title='bbox 287 4133 314 4180; x_wconf 88' lang='lat' dir='ltr'><em>H</em></span> <span class='ocrx_word' id='word_1_386' title='bbox 367 4131 399 4181; x_wconf 83' lang='grc'>16</span> <span class='ocrx_word' id='word_1_387' title='bbox 418 4139 445 4180; x_wconf 90' lang='lat' dir='ltr'><strong>ut</strong></span> <span class='ocrx_word' id='word_1_388' title='bbox 462 4143 561 4183; x_wconf 82' lang='lat' dir='ltr'><strong>umatus</strong></span> <span class='ocrx_word' id='word_1_389' title='bbox 579 4148 635 4184; x_wconf 90' lang='lat' dir='ltr'><strong>snm</strong></span> <span class='ocrx_word' id='word_1_390' title='bbox 652 4132 683 4181; x_wconf 85' lang='lat' dir='ltr'><strong>ab</strong></span> <span class='ocrx_word' id='word_1_391' title='bbox 698 4131 741 4180; x_wconf 92' lang='lat' dir='ltr'><strong>illo</strong></span> <span class='ocrx_word' id='word_1_392' title='bbox 755 4169 760 4180; x_wconf 93' lang='lat'>.</span> <span class='ocrx_word' id='word_1_393' title='bbox 775 4131 877 4182; x_wconf 86' lang='lat' dir='ltr'><strong>uomina</strong></span> <span class='ocrx_word' id='word_1_394' title='bbox 895 4141 1051 4186; x_wconf 69' lang='lat' dir='ltr'><strong>§.aeternna</strong></span> <span class='ocrx_word' id='word_1_395' title='bbox 1068 4133 1190 4196; x_wconf 79' lang='lat' dir='ltr'><strong>quaedum</strong></span> <span class='ocrx_word' id='word_1_396' title='bbox 1202 4133 1330 4183; x_wconf 73' lang='lat' dir='ltr'><strong>excidisse</strong></span> <span class='ocrx_word' id='word_1_397' title='bbox 1344 4133 1460 4182; x_wconf 73' lang='lat' dir='ltr'><strong>videntur</strong></span> 
     </span>
     <span class='ocr_line' id='line_1_40' title="bbox 162 4201 1460 4267; baseline -0.002 -15"><span class='ocrx_word' id='word_1_398' title='bbox 162 4204 195 4252; x_wconf 81' lang='lat' dir='ltr'><strong>de</strong></span> <span class='ocrx_word' id='word_1_399' title='bbox 219 4201 357 4252; x_wconf 82' lang='lat' dir='ltr'><strong>nominibus</strong></span> <span class='ocrx_word' id='word_1_400' title='bbox 378 4203 504 4252; x_wconf 77' lang='lat' dir='ltr'><strong>secundae</strong></span> <span class='ocrx_word' id='word_1_401' title='bbox 527 4204 716 4263; x_wconf 82' lang='lat' dir='ltr'><strong>declinationis,</strong></span> <span class='ocrx_word' id='word_1_402' title='bbox 736 4201 773 4250; x_wconf 87' lang='lat' dir='ltr'><strong>od</strong></span> <span class='ocrx_word' id='word_1_403' title='bbox 795 4217 860 4265; x_wconf 82' lang='lat' dir='ltr'><strong>pune</strong></span> <span class='ocrx_word' id='word_1_404' title='bbox 880 4201 1041 4263; x_wconf 81' lang='lat' dir='ltr'><strong>pertinebunt</strong></span> <span class='ocrx_word' id='word_1_405' title='bbox 1063 4217 1095 4251; x_wconf 86' lang='lat' dir='ltr'><strong>ea</strong></span> <span class='ocrx_word' id='word_1_406' title='bbox 1111 4217 1176 4267; x_wconf 79' lang='lat' dir='ltr'><strong>quae</strong></span> <span class='ocrx_word' id='word_1_407' title='bbox 1192 4204 1275 4253; x_wconf 79' lang='lat' dir='ltr'><strong>alieno</strong></span> <span class='ocrx_word' id='word_1_408' title='bbox 1300 4205 1355 4251; x_wconf 87' lang='lat' dir='ltr'><strong>loeo</strong></span> <span class='ocrx_word' id='word_1_409' title='bbox 1373 4203 1460 4263; x_wconf 74' lang='lat' dir='ltr'><strong>poetro</strong></span> 
     </span>
     <span class='ocr_line' id='line_1_41' title="bbox 162 4258 1460 4338; baseline -0.003 -16"><span class='ocrx_word' id='word_1_410' title='bbox 162 4279 221 4322; x_wconf 80' lang='lat' dir='ltr'><strong>aunt</strong></span> <span class='ocrx_word' id='word_1_411' title='bbox 242 4258 273 4320; x_wconf 69' lang='lat' dir='ltr'><strong>ld</strong></span> <span class='ocrx_word' id='word_1_412' title='bbox 289 4269 406 4320; x_wconf 87' lang='lat' dir='ltr'><strong>lraxiuus</strong></span> <span class='ocrx_word' id='word_1_413' title='bbox 427 4297 458 4308; x_wconf 93' lang='lat'><em>-</em></span> <span class='ocrx_word' id='word_1_414' title='bbox 480 4271 511 4322; x_wconf 88' lang='lat' dir='ltr'><strong>ltt</strong></span> <span class='ocrx_word' id='word_1_415' title='bbox 530 4273 621 4338; x_wconf 74' lang='lat' dir='ltr'><strong>papyri</strong></span> <span class='ocrx_word' id='word_1_416' title='bbox 702 4270 733 4320; x_wconf 81' lang='lat'><strong>17</strong></span> <span class='ocrx_word' id='word_1_417' title='bbox 757 4271 919 4320; x_wconf 83' lang='lat' dir='ltr'><strong>terminantia</strong></span> <span class='ocrx_word' id='word_1_418' title='bbox 936 4285 967 4318; x_wconf 85' lang='lat' dir='ltr'><strong>ns</strong></span> <span class='ocrx_word' id='word_1_419' title='bbox 985 4272 1143 4320; x_wconf 85' lang='lat' dir='ltr'><strong>nominetiuo</strong></span> <span class='ocrx_word' id='word_1_420' title='bbox 1168 4271 1341 4335; x_wconf 88' lang='lat' dir='ltr'><strong>producuntur</strong></span> <span class='ocrx_word' id='word_1_421' title='bbox 1357 4285 1423 4334; x_wconf 86' lang='lat' dir='ltr'><strong>qnae</strong></span> <span class='ocrx_word' id='word_1_422' title='bbox 1443 4285 1460 4318; x_wconf 87' lang='grc'><strong>11</strong></span> 
     </span>
     <span class='ocr_line' id='line_1_42' title="bbox 163 4338 1458 4408; baseline -0.002 -17"><span class='ocrx_word' id='word_1_423' title='bbox 163 4339 318 4408; x_wconf 84' lang='lat' dir='ltr'><strong>supradictis</strong></span> <span class='ocrx_word' id='word_1_424' title='bbox 337 4354 385 4388; x_wconf 91' lang='lat' dir='ltr'><strong>uon</strong></span> <span class='ocrx_word' id='word_1_425' title='bbox 404 4341 512 4390; x_wconf 82' lang='lat' dir='ltr'><strong>ireniunt</strong></span> <span class='ocrx_word' id='word_1_426' title='bbox 530 4349 557 4390; x_wconf 92' lang='lat' dir='ltr'><strong>ut</strong></span> <span class='ocrx_word' id='word_1_427' title='bbox 577 4341 705 4391; x_wconf 88' lang='lat' dir='ltr'><strong>seruitus.</strong></span> <span class='ocrx_word' id='word_1_428' title='bbox 720 4339 846 4405; x_wconf 88' lang='lat' dir='ltr'><strong>excipitur</strong></span> <span class='ocrx_word' id='word_1_429' title='bbox 866 4340 888 4390; x_wconf 79' lang='lat' dir='ltr'><em>G</em></span> <span class='ocrx_word' id='word_1_430' title='bbox 975 4342 1006 4390; x_wconf 80' lang='lat' dir='ltr'><strong>at</strong></span> <span class='ocrx_word' id='word_1_431' title='bbox 1027 4341 1197 4405; x_wconf 88' lang='lat' dir='ltr'><strong>corripiuntur</strong></span> <span class='ocrx_word' id='word_1_432' title='bbox 1214 4341 1240 4389; x_wconf 92' lang='lat' dir='ltr'><strong>in</strong></span> <span class='ocrx_word' id='word_1_433' title='bbox 1259 4341 1417 4388; x_wconf 85' lang='lat' dir='ltr'><strong>nominetiuo</strong></span> <span class='ocrx_word' id='word_1_434' title='bbox 1436 4338 1458 4388; x_wconf 80' lang='grc' dir='ltr'>θ</span> 
     </span>
    </p>

    <p class='ocr_par' dir='ltr' id='par_1_5' title="bbox 163 4408 1460 4756">
     <span class='ocr_line' id='line_1_43' title="bbox 233 4408 1459 4475; baseline -0.003 -15"><span class='ocrx_word' id='word_1_435' title='bbox 233 4413 267 4461; x_wconf 80' lang='grc'><strong>24</strong></span> <span class='ocrx_word' id='word_1_436' title='bbox 285 4408 500 4460; x_wconf 80' lang='lat' dir='ltr'><strong>transformantur</strong></span> <span class='ocrx_word' id='word_1_437' title='bbox 518 4413 539 4460; x_wconf 88' lang='lat' dir='ltr'><strong>si</strong></span> <span class='ocrx_word' id='word_1_438' title='bbox 566 4419 625 4460; x_wconf 86' lang='lat' dir='ltr'><strong>suut</strong></span> <span class='ocrx_word' id='word_1_439' title='bbox 644 4410 773 4475; x_wconf 61' lang='lat' dir='ltr'><strong>trisyllaba</strong></span> <span class='ocrx_word' id='word_1_440' title='bbox 792 4410 832 4458; x_wconf 87' lang='lat' dir='ltr'><strong>nel</strong></span> <span class='ocrx_word' id='word_1_441' title='bbox 850 4409 1012 4470; x_wconf 74' lang='lat' dir='ltr'><strong>tetrasyllaba</strong></span> <span class='ocrx_word' id='word_1_442' title='bbox 1030 4423 1068 4456; x_wconf 87' lang='lat' dir='ltr'><strong>ac.</strong></span> <span class='ocrx_word' id='word_1_443' title='bbox 1078 4410 1199 4473; x_wconf 85' lang='lat' dir='ltr'><strong>deinceps</strong></span> <span class='ocrx_word' id='word_1_444' title='bbox 1217 4408 1336 4459; x_wconf 83' lang='lat' dir='ltr'><strong>babentia</strong></span> <span class='ocrx_word' id='word_1_445' title='bbox 1355 4409 1364 4457; x_wconf 92' lang='grc' dir='ltr'>ἱ</span> <span class='ocrx_word' id='word_1_446' title='bbox 1381 4409 1459 4457; x_wconf 88' lang='lat' dir='ltr'><strong>corri-</strong></span> 
     </span>
     <span class='ocr_line' id='line_1_44' title="bbox 163 4472 1459 4547; baseline -0.004 -17"><span class='ocrx_word' id='word_1_447' title='bbox 163 4479 460 4547; x_wconf 77' lang='lat' dir='ltr'><strong>piuntur.tvreutius‹5</strong></span> <span class='ocrx_word' id='word_1_448' title='bbox 529 4481 563 4532; x_wconf 82' lang='grc'><strong>26</strong></span> <span class='ocrx_word' id='word_1_449' title='bbox 580 4480 720 4529; x_wconf 81' lang='lat' dir='ltr'><strong>inartinnus</strong></span> <span class='ocrx_word' id='word_1_450' title='bbox 740 4481 761 4529; x_wconf 82' lang='lat' dir='ltr'><em>G</em></span> <span class='ocrx_word' id='word_1_451' title='bbox 781 4479 921 4528; x_wconf 83' lang='lat' dir='ltr'><strong>maritanos</strong></span> <span class='ocrx_word' id='word_1_452' title='bbox 936 4472 967 4527; x_wconf 84' lang='lat' dir='ltr'><em>H</em></span> <span class='ocrx_word' id='word_1_453' title='bbox 1033 4479 1066 4527; x_wconf 80' lang='lat' dir='ltr'><strong>at</strong></span> <span class='ocrx_word' id='word_1_454' title='bbox 1084 4479 1294 4544; x_wconf 81' lang='lat' dir='ltr'><strong>plaeeutauuall</strong></span> <span class='ocrx_word' id='word_1_455' title='bbox 1361 4477 1395 4528; x_wconf 80' lang='lat'><strong>&#39;28</strong></span> <span class='ocrx_word' id='word_1_456' title='bbox 1413 4477 1459 4526; x_wconf 86' lang='lat' dir='ltr'><strong>ali-</strong></span> 
     </span>
     <span class='ocr_line' id='line_1_45' title="bbox 163 4545 1460 4612; baseline -0.003 -14"><span class='ocrx_word' id='word_1_457' title='bbox 163 4549 297 4599; x_wconf 87' lang='lat' dir='ltr'><strong>mannieus</strong></span> <span class='ocrx_word' id='word_1_458' title='bbox 316 4550 459 4598; x_wconf 81' lang='lat' dir='ltr'><strong>romaricus</strong></span> <span class='ocrx_word' id='word_1_459' title='bbox 478 4549 507 4597; x_wconf 91' lang='lat' dir='ltr'><em>H</em></span> <span class='ocrx_word' id='word_1_460' title='bbox 523 4549 706 4598; x_wconf 83' lang='lat' dir='ltr'><strong>allemauuicus</strong></span> <span class='ocrx_word' id='word_1_461' title='bbox 725 4548 881 4599; x_wconf 84' lang='lat' dir='ltr'><strong>romanticns</strong></span> <span class='ocrx_word' id='word_1_462' title='bbox 899 4548 1078 4597; x_wconf 81' lang='lat' dir='ltr'><strong>uieunensious</strong></span> <span class='ocrx_word' id='word_1_463' title='bbox 1098 4549 1119 4597; x_wconf 83' lang='lat' dir='ltr'><em>G</em></span> <span class='ocrx_word' id='word_1_464' title='bbox 1174 4546 1209 4599; x_wconf 82' lang='grc'><strong>32</strong></span> <span class='ocrx_word' id='word_1_465' title='bbox 1228 4547 1354 4599; x_wconf 80' lang='lat' dir='ltr'><strong>nruurilex</strong></span> <span class='ocrx_word' id='word_1_466' title='bbox 1373 4545 1460 4612; x_wconf 87' lang='lat' dir='ltr'><strong>epilex</strong></span> 
     </span>
     <span class='ocr_line' id='line_1_46' title="bbox 163 4616 1459 4686; baseline -0.004 -17"><span class='ocrx_word' id='word_1_467' title='bbox 163 4620 262 4686; x_wconf 84' lang='lat' dir='ltr'><strong>opitleta</strong></span> <span class='ocrx_word' id='word_1_468' title='bbox 283 4619 310 4666; x_wconf 86' lang='lat' dir='ltr'><em>H</em></span> <span class='ocrx_word' id='word_1_469' title='bbox 327 4617 454 4668; x_wconf 84' lang='lat' dir='ltr'><strong>nvnvrrilex</strong></span> <span class='ocrx_word' id='word_1_470' title='bbox 473 4633 549 4668; x_wconf 85' lang='lat' dir='ltr'><strong>sorex</strong></span> <span class='ocrx_word' id='word_1_471' title='bbox 563 4618 686 4684; x_wconf 76' lang='lat' dir='ltr'><strong>opilox&#39;d</strong></span> <span class='ocrx_word' id='word_1_472' title='bbox 702 4617 799 4684; x_wconf 89' lang='lat' dir='ltr'><strong>opilex,</strong></span> <span class='ocrx_word' id='word_1_473' title='bbox 819 4631 884 4679; x_wconf 88' lang='lat' dir='ltr'><strong>quae</strong></span> <span class='ocrx_word' id='word_1_474' title='bbox 900 4619 986 4667; x_wconf 87' lang='lat' dir='ltr'><strong>omniu</strong></span> <span class='ocrx_word' id='word_1_475' title='bbox 999 4617 1024 4666; x_wconf 90' lang='lat' dir='ltr'><strong>in</strong></span> <span class='ocrx_word' id='word_1_476' title='bbox 1041 4616 1151 4680; x_wconf 86' lang='lat' dir='ltr'><strong>obliquis</strong></span> <span class='ocrx_word' id='word_1_477' title='bbox 1164 4619 1266 4669; x_wconf 83' lang='lat' dir='ltr'><strong>casibus</strong></span> <span class='ocrx_word' id='word_1_478' title='bbox 1280 4618 1459 4684; x_wconf 83' lang='lat' dir='ltr'><strong>corripiuntur,</strong></span> 
     </span>
     <span class='ocr_line' id='line_1_47' title="bbox 163 4687 906 4756; baseline -0.003 -18"><span class='ocrx_word' id='word_1_479' title='bbox 163 4687 197 4739; x_wconf 84' lang='lat' dir='ltr'><strong>ut&#39;</strong></span> <span class='ocrx_word' id='word_1_480' title='bbox 210 4687 311 4756; x_wconf 85' lang='lat' dir='ltr'><strong>optileis</strong></span> <span class='ocrx_word' id='word_1_481' title='bbox 330 4688 442 4738; x_wconf 87' lang='lat' dir='ltr'><strong>nurillcis</strong></span> <span class='ocrx_word' id='word_1_482' title='bbox 460 4703 549 4738; x_wconf 86' lang='lat' dir='ltr'><strong>murex</strong></span> <span class='ocrx_word' id='word_1_483' title='bbox 567 4688 670 4737; x_wconf 82' lang='lat' dir='ltr'><strong>muricia</strong></span> <span class='ocrx_word' id='word_1_484' title='bbox 685 4702 761 4738; x_wconf 87' lang='lat' dir='ltr'><strong>sorex</strong></span> <span class='ocrx_word' id='word_1_485' title='bbox 780 4687 871 4737; x_wconf 86' lang='lat' dir='ltr'><strong>soricis</strong></span> <span class='ocrx_word' id='word_1_486' title='bbox 890 4700 906 4742; x_wconf 88' lang='grc' dir='ltr'><strong><em>ς</em></strong></span> 
     </span>
    </p>
   </div>
   <div class='ocr_carea' id='block_1_5' title="bbox 0 0 1704 5325">
    <p class='ocr_par' dir='ltr' id='par_1_6' title="bbox 0 0 1704 5325">
     <span class='ocr_line' id='line_1_48' title="bbox 0 0 1704 5325; baseline 0 0"><span class='ocrx_word' id='word_1_487' title='bbox 0 0 1704 5325; x_wconf 95' lang='lat' dir='ltr'><strong> </strong></span> 
     </span>
    </p>
   </div>
  </div>
 </body>
</html>
