3400 5325
235 228 298 293 398
777 228 989 292 intumult)

233 416 345 501 itaque
369 411 569 500 principales
599 434 716 479 versus
743 412 915 476 duodecim
950 410 1104 477 librorum
1133 411 1300 477 Aeneidos
1328 411 1375 475 ita
1403 411 1537 475 omnino

235 516 405 597 tractavit,
426 514 520 599 quasi
542 516 576 577 in
599 512 720 578 scholis
741 513 826 577 inter
846 521 1092 599 praeceptorem
1112 521 1144 577 et
1166 512 1364 599 discipulum
1383 535 1437 577 res
1460 535 1537 599 uge-

235 626 336 681 retur.
381 636 456 679 nanr
480 614 559 679 nibil
581 616 653 699 agit
673 606 921 679 Lindemannus
940 615 974 677 in
995 613 1098 677 Prisc.
1121 636 1173 701 op.
1196 616 1273 679 min.
1297 636 1329 699 p.
1352 618 1431 697 355,
1461 634 1537 677 cum

236 718 320 783 hane
342 716 566 801 interrogandi
594 724 628 780 et
653 713 872 801 respondendi
898 716 1056 779 rationem
1085 736 1151 780 non
1176 736 1196 779 a
1216 714 1386 781 Priscisno
1408 716 1535 803 profec-

237 830 321 901 tam,
349 818 408 883 sed
430 816 559 899 Caroli,
582 817 785 882 Francorum
806 818 912 899 regis,
942 824 1049 879 aetate
1072 816 1105 880 in
1128 815 1228 881 libros
1248 819 1535 901 grammaticorum

237 923 401 987 invectam
430 940 503 982 esse
530 919 707 983 existimat.
751 917 904 981 nimirum
934 916 989 981 ille
1016 920 1049 981 in
1078 917 1138 981 han
1169 940 1299 1005 quoque
1325 940 1360 983 re
1389 918 1534 983 Graecos

236 1020 467 1107 grammaticos
488 1028 619 1084 secutus
641 1027 706 1100 est,
734 1039 816 1105 quoa
837 1026 907 1081 tum
935 1021 1077 1084 maxime
1099 1020 1132 1083 in
1153 1020 1225 1105 ipsa
1247 1018 1328 1109 urbe
1351 1019 1534 1085 Constanti·

237 1122 348 1211 nopoli
370 1123 440 1208 pari
462 1122 589 1185 ratione
612 1142 689 1184 usos
710 1140 783 1183 esse
811 1141 876 1184 non
904 1128 953 1183 cst
978 1119 1138 1185 dissimile
1161 1122 1244 1185 veri.
1287 1142 1392 1207 neque
1418 1122 1534 1183 mirum

126 1258 130 1267 ·
236 1226 340 1291 estin
367 1223 428 1288 tali
455 1223 605 1286 instituto
630 1242 729 1307 saepe
757 1222 809 1285 vel
836 1220 951 1285 eadem
978 1222 1095 1286 iisdem
1117 1222 1229 1287 verbis
1251 1224 1356 1309 repeti
1373 1220 1427 1287 vel
1451 1242 1534 1307 quae

238 1330 274 1393 in
294 1325 431 1411 reliquis
450 1322 544 1387 libris
565 1323 733 1408 disputata
753 1332 848 1387 erant
866 1321 928 1387 buc
946 1323 1128 1388 transferri.

323 1428 368 1491 At
390 1445 562 1491 varocum
585 1422 755 1494 Prisciani
769 1446 842 1487 esse
865 1423 950 1488 hune
977 1426 1187 1511 partitionum
1209 1424 1330 1491 librum
1351 1424 1442 1507 dico,
1469 1444 1534 1488 non

202 1558 206 1564 ’
237 1530 319 1593 illud
348 1528 440 1607 dieo,
463 1528 562 1589 talem
584 1524 714 1612 qualem
736 1546 824 1591 nnnc
844 1524 1003 1590 babemus
1025 1526 1067 1591 ab
1090 1548 1129 1592 eo
1152 1528 1307 1615 scriptum
1329 1547 1412 1591 esse.
1457 1546 1532 1589 nam

237 1652 308 1695 nros
339 1628 396 1693 ille
428 1628 639 1715 partitionum
673 1629 770 1690 etiam
803 1636 878 1713 post
905 1626 1110 1693 Priscianum
1139 1628 1272 1693 duravit
1296 1636 1329 1692 et
1357 1650 1377 1691 a
1403 1628 1533 1692 Latinis

237 1729 461 1819 grammaticis
489 1750 563 1793 cum
596 1730 631 1793 in
662 1725 738 1791 aliis
768 1726 862 1793 libris
891 1738 960 1793 tum
985 1730 1018 1791 in
1044 1730 1102 1813 iis,
1134 1730 1253 1816 quibus
1281 1728 1403 1794 Donati
1430 1739 1534 1795 artem

237 1831 445 1900 commentati
472 1838 564 1911 sunt,
595 1840 747 1894 servatus
775 1837 835 1893 est.
880 1831 973 1895 cuius
1002 1831 1050 1895 rei
1079 1830 1264 1915 exemplum
1286 1850 1374 1895 nune
1401 1830 1532 1895 adferre

235 1935 346 2023 placet
366 1955 467 1997 unum
490 1930 654 2014 libellum,
683 1933 739 2016 qui
766 1931 800 1993 in
828 1931 942 1995 codice
962 1930 1120 1996 Leidensi
1143 1930 1223 1996 bibl.
1247 1932 1336 2018 publ.
1367 1934 1533 1997 retunso

236 2036 368 2101 saeculo
394 2036 516 2119 scripto
543 2035 720 2123 inscriptus
748 2041 799 2095 est
825 2030 989 2097 cunabula
1018 2034 1111 2097 artis·
1125 2036 1373 2119 grammaticae,
1407 2034 1442 2097 in
1470 2054 1533 2119 quo

234 2138 335 2203 simili
356 2137 482 2202 ratione
504 2135 545 2199 de
568 2134 717 2221 partibus
737 2135 892 2197 orationis
913 2136 1122 2221 praecipitur.
1160 2138 1194 2199 in
1215 2156 1253 2199 so
1273 2135 1405 2219 negotio
1425 2142 1532 2199 autem

235 2238 438 2305 commodum
461 2258 496 2300 se
517 2233 698 2321 praebebat
713 2234 876 2300 Prisciani
896 2237 997 2319 liber,
1020 2256 1115 2322 quem
1136 2238 1168 2302 in
1193 2258 1287 2301 suum
1310 2256 1403 2299 usum
1426 2256 1532 2321 gram-

233 2342 346 2406 matici
374 2346 604 2403 converterent
631 2343 665 2400 et
692 2337 753 2419 ita,
788 2345 825 2399 ut
851 2337 923 2401 eius
952 2339 1070 2401 aetatis
1095 2340 1237 2403 rationes
1254 2336 1422 2425 postulare
1442 2337 1533 2401 vide·
1610 2386 1617 2401 .

235 2443 369 2521 bantur,
390 2440 487 2505 modo
507 2446 681 2521 augerent,
700 2436 797 2501 mede
820 2437 1040 2503 diminuerent
1062 2439 1115 2504 vel
1132 2462 1190 2505 sue
1207 2440 1343 2505 arbitrie
1359 2448 1531 2503 mutarent.

234 2544 311 2609 binc
330 2542 454 2606 factum
477 2549 542 2622 est,
576 2548 613 2603 ut
634 2539 781 2621 codices,
814 2540 871 2626 qui
902 2563 990 2605 nunc
1018 2550 1208 2629 supersunt,
1243 2562 1379 2628 quorum
1408 2541 1531 2605 nullum

233 2644 363 2728 inveni,
395 2643 475 2730 quin
496 2641 614 2707 studiis
636 2641 852 2726 posteriorum
882 2644 1168 2730 grammaticorum
1195 2644 1345 2710 adiectus
1373 2644 1432 2726 sit,
1468 2665 1531 2708 non

233 2747 338 2813 solum
359 2769 379 2810 a
396 2747 506 2831 prisca
528 2746 598 2808 cius
621 2742 697 2807 libri
717 2741 822 2807 forma
844 2744 942 2827 longe
962 2745 1169 2828 recederent,
1192 2745 1368 2811 sedetiam
1393 2747 1480 2810 inter
1497 2767 1533 2808 se

234 2821 355 2935 magni
376 2869 475 2934 opere
500 2846 732 2930 discreparent.
776 2868 820 2910 ex
848 2868 913 2932 que
943 2847 1080 2934 adparet
1106 2851 1266 2933 integram
1295 2851 1439 2914 auctoris
1467 2869 1532 2912 ma-

236 2975 314 3018 num
335 2951 467 3017 omnino
489 2949 619 3013 restitui
640 2968 706 3012 nou
727 2968 838 3033 posse,
862 2949 919 3013 sed
942 2970 1015 3013 eam
1031 2948 1248 3014 exhibendam
1265 2949 1368 3016 fuisse
1384 2949 1531 3032 ferinam,

236 3075 321 3142 quae
346 3051 442 3117 libris
470 3071 569 3115 manu
597 3049 727 3135 scriptis
752 3049 872 3132 fertur,
903 3073 969 3114 non
996 3050 1086 3115 illam
1114 3051 1245 3139 quidem
1271 3053 1530 3138 antiquissimam

236 3177 343 3242 neque
369 3155 546 3237 integram,
583 3152 640 3214 sed
669 3171 735 3237 qna
762 3151 815 3216 vcl
844 3153 1008 3239 antiquior
1037 3155 1089 3218 vel
1116 3155 1222 3238 magis
1247 3155 1377 3239 integra
1403 3156 1438 3218 in
1471 3154 1532 3220 hac

236 3258 392 3322 librorum
412 3253 599 3318 conditione
616 3253 745 3316 restitui
764 3261 916 3338 nequeat.
954 3275 1024 3317 eam
1040 3256 1141 3340 igitur
1157 3255 1263 3320 tribus
1281 3255 1390 3338 libris,
1414 3257 1531 3342 quibus

237 3379 316 3423 usus
338 3379 425 3438 sum,
447 3377 512 3419 uno
534 3353 724 3419 Parisino
747 3357 846 3418 7498
871 3355 954 3441 (O),
984 3354 1086 3420 altero
1107 3356 1306 3422 Leidensi
1330 3357 1531 3422 Vossiano

236 3463 289 3525 33.
312 3466 332 3523 4
355 3457 435 3543 (S),
463 3457 560 3520 tertio
582 3454 909 3541 Guelferbytano
931 3457 1026 3543 (G),
1058 3461 1115 3544 qui
1137 3467 1186 3522 est
1207 3459 1292 3523 inter
1312 3459 1442 3524 codices
1464 3460 1531 3524 Gu-

236 3563 352 3627 dianos
366 3580 500 3623 numero
521 3561 596 3640 132,
618 3559 664 3620 ita
684 3545 833 3622 exbiberi
857 3559 985 3641 inveni,
1010 3569 1046 3622 ut
1069 3560 1151 3624 nihil
1177 3561 1265 3642 fere,
1288 3560 1374 3646 qued
1393 3560 1531 3626 alicuius

235 3661 390 3728 momenti
411 3661 467 3736 sit,
489 3659 568 3724 addi
592 3681 689 3745 posse
707 3659 879 3723 confidam.
925 3669 957 3724 et
980 3661 1020 3724 de
1040 3662 1191 3726 Parisino
1213 3662 1343 3749 quidem
1365 3662 1478 3726 codice
1499 3671 1533 3726 et

237 3765 278 3828 de
298 3763 455 3828 Leidensi
483 3783 582 3846 supra
611 3761 734 3824 dictum
761 3771 820 3824 cst.
866 3762 1146 3850 Guelferbytanus
1170 3773 1296 3846 autem,
1331 3765 1386 3849 qui
1418 3773 1469 3827 est
1497 3765 1530 3828 in

236 3865 434 3931 membranis
457 3861 563 3926 forero
584 3863 744 3948 quadrata
765 3862 896 3928 saeculo
919 3863 1045 3930 decimo
1073 3867 1229 3952 scriptus,
1264 3867 1409 3930 continet
1434 3864 1530 3928 haec:

236 3969 260 4032 f.
287 3966 419 4030 1-48*
441 3965 586 4028 Vitrurii
606 3965 648 4028 de
669 3965 888 4029 architectura
910 3964 1027 4048 libros,
1051 3972 1095 4030 De
1111 3974 1270 4047 principiis
1288 3973 1364 4030 ortis
1386 3971 1532 4030 crclritec·

196 4105 204 4118 ·
235 4076 412 4134 tonicae-
432 4072 554 4130 Mberct
572 4073 734 4146 erpttcora.
754 4073 881 4132 uitruuii
899 4073 974 4132 iiber
996 4073 1029 4131 Χ
1042 4077 1167 4148 explicit
1184 4073 1332 4156 feliciter:
1353 4067 1377 4131 f.
1394 4071 1434 4132 49
1445 4071 1524 4130 -et

155 4179 163 4204 ¹
234 4169 394 4235 Marciani
422 4166 579 4253 Capellae
612 4177 782 4254 excerpta,
815 4175 963 4249 incipiunt
992 4191 1098 4234 uersus
1129 4175 1168 4234 de
1200 4177 1312 4250 nuptiis
1336 4175 1530 4249 phitotopiue.

235 4277 436 4364 Etiamnunc
457 4290 541 4333 rusco
564 4305 601 4316 -
627 4291 665 4334 oc
685 4291 738 4334 noo
758 4283 879 4334 somate
898 4291 1000 4335 mersas
1022 4271 1062 4354 (f.
1083 4274 1151 4357 52).
1193 4277 1322 4335 Peracta
1343 4273 1403 4334 iani
1424 4277 1532 4351 spatio

234 4395 303 4438 rum
324 4411 359 4420 -
382 4375 562 4449 sipriiserum
582 4393 702 4436 cursum
721 4393 807 4437 suum
826 4381 993 4452 complens:
1022 4374 1046 4437 f.
1067 4373 1126 4438 61*
1143 4381 1295 4454 prisciani
1312 4379 1437 4452 epitome
1458 4377 1531 4453 plte-

235 4496 349 4540 nomen.
390 4479 440 4536 Ad
464 4479 572 4538 imeae
596 4487 702 4554 parter
726 4511 763 4522 -
786 4481 964 4554 eridanique
990 4459 1113 4554 flectite.
1152 4479 1222 4552 Ruti
1246 4480 1321 4552 sesti
1344 4481 1447 4538 aciem
1471 4481 1535 4538 iiii

233 4585 314 4642 clari
334 4583 418 4639 orati
430 4581 633 4655 pbenomeno,
667 4583 774 4640 Arctoe
795 4575 904 4654 eripitis
929 4597 1042 4642 corono
1060 4583 1199 4656 plrpucus
1223 4615 1258 4624 -
1284 4585 1327 4640 sot
1347 4583 1435 4642 csetti
1453 4584 1535 4641 ueriti

233 4683 327 4742 hiems
351 4689 464 4742 certas.-
493 4678 517 4741 f.
536 4681 632 4740 62-—
645 4681 685 4741 65
708 4699 838 4740 carmen
859 4677 900 4742 de
921 4678 1138 4766 ponderibus,
1172 4683 1312 4742 Pondere
1333 4685 1473 4758 paeonici
1493 4715 1529 4726 -
