3400 5325
256 222 469 283 litsvtvt‘rto
493 223 541 283 DE
564 223 711 284 NOhllNE
734 224 784 285 ΕΤ
803 224 1024 287 Pronomae
1049 225 1098 285 ET
1117 225 1252 287 VEllllO.
1276 236 1387 292 57-67
1432 228 1494 289 455

250 350 273 390 p.
285 338 341 379 rara.
357 338 380 377 n
394 338 417 379 r.
1291 356 1312 395 p.
1324 342 1367 383 aa.
1383 342 1407 383 aa
1417 343 1443 384 v.

199 409 336 471 omnibus
364 409 618 487 coniugationibus
644 395 818 489 producitur
845 420 965 491 excepta
993 411 1088 473 tertia.
1133 410 1253 491 pluralis
1277 416 1369 493 prima
1394 423 1422 475 et
1445 434 1491 475 se·
1510 416 1543 468 aa

199 511 294 573 cunda
318 529 444 590 persona
472 530 488 571 a
517 512 646 572 secunda
675 530 802 590 persona
826 511 910 572 activi
937 511 1048 571 abiecta
1076 532 1089 573 s
1114 520 1142 573 et
1164 514 1260 575 addita
1285 534 1351 575 mur
1372 523 1401 575 et
1422 515 1492 576 nrini

123 638 130 645 ·
197 614 287 685 ilunt,
317 619 348 672 ut
375 630 456 673 amas
484 631 618 674 amamur
639 612 791 685 amamini,
820 614 909 673 doces
929 612 1069 674 docemur
1092 614 1253 688 docemini,
1275 617 1347 694 legis
1369 616 1493 695 legimur

197 713 341 791 legimini,
369 713 453 775 audis
480 713 616 775 audimur
642 713 796 789 audimini3
833 722 862 773 et
896 714 924 773 in
955 714 1034 775 omni
1072 716 1276 793 coniugatione
1313 718 1492 797 paenultima

176 816 310 897 aprimae
337 834 496 895 personae,
522 815 769 895 antepaenultima
791 834 860 876 vero
882 815 1030 876 secandae
1052 818 1225 896 producitur
1249 818 1357 898 syllaba
1380 820 1491 898 absque

197 918 290 1000 teritio
323 917 539 995 coniugatione.
584 915 669 979 tertia
693 936 761 979 vero
782 936 909 997 persrma
933 917 1053 997 pluralis
1076 917 1112 977 ab
1135 920 1226 979 activa
1252 938 1303 981 stra
1326 920 1489 981 deaureata

198 1040 247 1094 ur,
271 1028 303 1081 ut
322 1026 421 1081 amant
442 1026 593 1091 amantur,
613 1019 722 1079 docent
742 1018 902 1093 docentur,
925 1019 1025 1097 legunt
1048 1021 1200 1098 leguntur,
1225 1022 1345 1083 andiunt
1366 1022 1490 1083 audiun·

197 1131 254 1183 tur.
298 1138 464 1199 quaerero
487 1120 516 1179 in
539 1138 568 1179 m
594 1120 733 1181 desinunt
755 1121 847 1181 activa
875 1118 1003 1204 priilmae
1020 1140 1164 1202 personae
1189 1140 1241 1201 per
1263 1142 1366 1183 omnes
1388 1124 1489 1185 coniu-
1506 1133 1540 1189 65

157 1297 161 1301 ,
197 1223 329 1301 gatianus
345 1232 374 1283 et
394 1221 497 1282 modos
520 1222 550 1282 ia
573 1222 720 1300 praesenti
748 1228 776 1281 et
799 1221 827 1282 in
848 1223 1200 1303 praeteritoimperleeto
1220 1223 1265 1285 vel
1287 1225 1316 1285 in
1339 1225 1438 1285 luttrro
1462 1246 1490 1287 m

164 1326 228 1385 roin
248 1344 264 1387 r
286 1324 484 1403 convertentia
515 1323 626 1383 iaciunt
652 1324 800 1402 passivum
835 1329 915 1400 (nam
946 1325 1134 1403 praeteritum
1163 1326 1324 1404 perlectum
1354 1335 1383 1385 et
1408 1325 1490 1405 plus-

198 1426 449 1506 quamperfectum
469 1444 523 1504 per
550 1425 701 1505 participia
723 1424 909 1486 declinantur
931 1427 960 1487 in
983 1426 1130 1505 passivis),
1151 1437 1182 1488 ut
1203 1426 1338 1487 amabam
1361 1427 1488 1502 amabar,

197 1546 325 1588 amarem
351 1546 480 1601 amarer,
512 1525 653 1587 docebam
683 1526 825 1601 docebar,
857 1526 995 1587 docerem
1029 1529 1166 1601 docerer,
1199 1528 1331 1607 legebam
1360 1527 1488 1607 legebar,

196 1628 323 1708 legerem
339 1629 467 1707 legerer,
489 1628 642 1690 audiebam
659 1627 812 1701 audiebar,
834 1628 965 1689 audirem
987 1629 1118 1700 audirer,
1142 1648 1236 1689 ornem
1253 1648 1348 1703 amer,
1367 1631 1487 1691 doceant
1545 1664 1547 1667 ·

196 1731 318 1804 docear,
352 1731 446 1809 legam
476 1729 571 1808 legar,
603 1730 717 1791 audiam
753 1730 862 1791 audiar.
909 1740 1021 1791 ceteras
1049 1750 1117 1789 vero
1149 1750 1292 1809 personas
1325 1732 1539 1801 secundamus

165 1832 362 1912 apraedetas
385 1834 501 1910 regulas
529 1831 718 1892 declinamus.
762 1850 850 1892 onrne
873 1833 1061 1913 praeteritum
1083 1832 1245 1911 perlectum
1269 1840 1298 1893 et
1318 1833 1489 1913 plusquam-

197 1936 358 2014 perfectum
381 1934 562 2014 passivorum
587 1933 631 1993 vel
653 1933 791 1994 similium
812 1934 937 2014 passivis
961 1953 1013 2013 per
1035 1934 1218 2013 participium
1244 1934 1393 2014 praeteriti
1415 1943 1490 1995 tem-

197 2037 277 2116 poris
307 2042 335 2096 et
363 2054 503 2116 persam
537 2035 655 2096 verbum
684 2035 876 2096 declinantur.
922 2036 1036 2114 passiva
1059 2035 1228 2115 imperativa
1253 2016 1400 2097 secundae
1422 2056 1490 2115 per·

196 2157 286 2201 sonae
306 2137 433 2198 inomni
457 2137 661 2215 coniugatione
684 2135 787 2197 similia
811 2143 880 2197 sunt
902 2135 1049 2198 infinitivis
1068 2137 1186 2210 activis,
1213 2146 1244 2199 ut
1266 2156 1363 2198 arnare
1381 2138 1488 2199 docere

196 2239 294 2317 legere
319 2239 429 2299 audire.
475 2238 558 2299 tertia
586 2257 654 2298 vcro
682 2258 698 2298 a
722 2239 806 2299 tertia
828 2258 881 2299 sun
906 2237 984 2299 verbi
1009 2238 1094 2301 activi
1115 2216 1156 2299 mr
1169 2238 1265 2299 addita
1283 2258 1333 2313 nr,
1358 2246 1389 2301 ut
1411 2250 1487 2301 amet
1504 2244 1537 2295 oa

162 2351 327 2415 ettametur,
356 2341 460 2401 doceat
482 2340 637 2412 doceatur,
660 2334 736 2418 legat
756 2339 883 2416 legatur,
907 2340 1005 2401 audiat
1020 2340 1162 2401 audistin.
1208 2340 1330 2419 pluralia
1354 2361 1422 2403 vcro
1442 2360 1489 2403 sc·

197 2443 325 2505 cundum
354 2442 455 2503 tertiae
482 2460 626 2520 personae
655 2442 888 2502 terminationem
922 2442 1082 2520 aequaliter
1115 2442 1309 2504 terminantur
1336 2444 1431 2505 addita
1459 2464 1488 2504 m

196 2564 249 2624 pro
279 2552 291 2605 t
317 2544 346 2605 in
373 2544 468 2623 prima
495 2553 525 2605 et
554 2545 583 2605 in
609 2544 693 2603 tertia
721 2562 848 2624 persona
884 2544 1054 2625 interposita
1082 2563 1119 2617 n,
1152 2554 1182 2605 ut
1213 2552 1327 2605 ametur
1356 2562 1490 2605 amemur

195 2655 338 2709 amentur.
383 2666 451 2708 narn
477 2645 604 2707 secunda
631 2664 756 2724 persona
784 2644 944 2725 imperativi
967 2644 1070 2706 similis
1093 2655 1137 2708 est
1160 2646 1306 2708 indicativi
1332 2646 1488 2722 secundae,
1517 2679 1523 2686 ·

195 2748 342 2825 quornodo
366 2757 394 2808 et
416 2749 492 2827 apud
519 2751 662 2819 Graecos,
687 2757 718 2808 ut
739 2747 877 2807 amamini
898 2747 1044 2808 docemini
1066 2747 1195 2824 legimini
1220 2747 1368 2808 audimini.
1414 2749 1488 2814 haec

158 2851 273 2916 eaeuim
301 2857 361 2910 tam
389 2849 543 2910 indicativo
571 2868 658 2927 quam
685 2848 856 2927 imperativo
888 2848 975 2909 modo
1004 2847 1136 2909 similiter
1166 2850 1369 2928 proferuntur,
1400 2850 1488 2929 idque

196 2952 367 3031 comprobat
390 2968 475 3012 usus:
498 2950 697 3010 Terentius
721 2950 750 3010 in
773 2950 993 3010 Phormione

347 3050 1486 3130 tumigitur,dumlicetdumqueadsum,loquiminimecum,

1158 3153 1334 3232 Antipho,

338 3254 654 3335 contemplamini
674 3273 743 3331 me;

159 3367 225 3418 acet
246 3359 277 3418 in
298 3359 400 3419 eodem
423 3357 581 3418 ‘vultum
606 3355 951 3436 contemplamini’;
974 3355 1050 3416 idem
1073 3355 1102 3416 in
1121 3355 1306 3418 Eunucho
1328 3357 1413 3419 ‘vos
1433 3377 1487 3418 rue

196 3458 435 3538 sequimini’:
457 3459 664 3520 Sallustius
681 3459 710 3518 iu
727 3457 960 3519 Catilinurio
976 3455 1299 3536 ‘expergiscimini
1316 3458 1487 3536 aliquan-

195 3561 241 3622 do
263 3571 301 3622 et
324 3561 516 3641 capessite
542 3579 615 3620 rem
640 3559 856 3638 publicam';
877 3567 903 3618 et
921 3560 1002 3619 idem
1019 3559 1048 3620 in
1072 3559 1304 3638 iugurthino
1326 3561 1406 3620 ‘ros
1424 3579 1487 3620 att-

196 3672 280 3734 teur‚
302 3663 489 3724 Adherbal
513 3672 548 3722 et
575 3661 784 3740 lliempsal,
813 3661 928 3723 colite
957 3669 995 3721 et
1020 3661 1223 3723 observate
1252 3661 1361 3723 talem
1391 3661 1487 3722 hunc

195 3764 328 3836 virum,
360 3763 561 3827 imitamini
584 3763 758 3823 virtutem
781 3770 810 3822 et
832 3762 1057 3824 intuemini'.
1103 3765 1233 3825 laturum
1257 3762 1417 3844 imperativi
1440 3783 1487 3826 se-

265 3985 277 4034 l
300 3992 442 4049 exceptat:
478 3984 624 4049 exceptat)
692 3986 709 4034 4
733 3983 848 4049 legimini
869 3983 911 4033 Sic
930 3985 1003 4034 undis
1027 3985 1047 4034 C
1116 3985 1149 4034 ⁶22
1174 3999 1288 4034 amemur
1306 3999 1352 4036 orn.
1372 3985 1405 4048 0,
1424 3986 1485 4036 add.

195 4071 211 4114 ς
282 4055 316 4102 aa
332 4055 357 4102 in
376 4053 539 4116 Phormione]
559 4055 591 4101 lll
611 4054 636 4117 3,
655 4054 686 4104 Ι6
777 4054 810 4102 27
829 4054 967 4116 loquemini
986 4056 1069 4104 rodaco
1088 4055 1222 4104 Parisinus
1241 4053 1310 4104 7566
1389 4070 1487 4105 mecum

193 4127 219 4176 in
239 4124 343 4189 antipho
364 4135 388 4173 et
412 4124 617 4188 contemplamini
641 4139 681 4171 me
699 4124 724 4171 in
744 4123 834 4172 eodem
854 4125 924 4172 ttrrltu
944 4124 1009 4172 idem
1030 4125 1165 4174 Cmecum
1184 4139 1229 4191 pro
1249 4121 1353 4190 antipho
1375 4133 1486 4174 contem-

193 4189 299 4261 pln'mini
319 4209 359 4242 me
383 4194 408 4242 in
429 4193 517 4242 eodem
536 4193 607 4242 uultu
629 4194 694 4242 idem
712 4195 795 4242 rodere
814 4194 947 4243 Parisinus
965 4193 1032 4245 7566
1049 4209 1146 4244 rrtceum
1165 4195 1189 4243 iu
1209 4193 1313 4259 antipho
1333 4195 1487 4260 contempla-

193 4265 253 4314 mini
276 4279 316 4312 me
337 4266 361 4312 in
383 4263 473 4312 eodem
495 4263 699 4327 contemplamini
718 4279 758 4311 mc
779 4263 860 4312 uultu.
901 4263 968 4311 idem
993 4265 1076 4314 coclea·
1098 4266 1232 4314 Parisinus
1251 4264 1319 4313 7556
1341 4279 1439 4313 mecttm
1462 4273 1487 4312 et

193 4335 260 4383 idem
281 4343 305 4383 et
325 4333 530 4397 contemplamini
547 4347 587 4380 me
614 4333 702 4382 ecdem
727 4333 798 4382 uultu
824 4342 847 4381 et
873 4333 974 4390 idemq
1064 4333 1096 4384 30
1113 4335 1138 4383 iu
1157 4329 1257 4396 eodem]
1282 4335 1338 4393 14,
1357 4335 1390 4384 32
1460 4333 1487 4382 in

193 4401 327 4467 Eurrurbo]
350 4404 379 4451 ΙΙΙ
399 4405 431 4461 2,
451 4405 484 4451 pst
574 4416 621 4450 uos
645 4418 689 4451 ann
709 4403 792 4450 codex
811 4404 945 4452 Parisinus
970 4403 1038 4454 7566
1122 4403 1152 4454 31
1181 4404 1205 4452 in
1232 4395 1388 4468 catillinario]
1410 4401 1432 4454 ὁ.
1453 4406 1486 4452 52

263 4473 296 4522 32
316 4473 341 4520 iu
361 4468 522 4537 iugurthino]
541 4485 563 4522 r.
586 4470 618 4521 to
687 4486 734 4521 uos
759 4481 842 4521 autem
869 4473 980 4522 aducrba
1000 4473 1110 4522 lavemini
1134 4474 1172 4523 sal
1195 4472 1268 4522 colite
1288 4471 1309 4522 G
1331 4487 1377 4522 uos
1402 4482 1485 4522 utitem

193 4550 344 4628 adtterbiain
363 4575 444 4624 latieri
463 4574 500 4623 sol
519 4574 593 4626 colite
611 4575 694 4624 codex
707 4575 841 4626 Parisinus
860 4575 928 4627 7566
946 4591 992 4625 uos
1009 4585 1092 4625 antem
1112 4575 1220 4642 plublice
1239 4575 1351 4630 oduerba
1374 4576 1485 4626 letemini

193 4645 323 4696 salcbolite
341 4646 423 4694 cortex
444 4645 579 4694 Parisinus
600 4646 668 4696 7556
743 4646 776 4696 36
798 4647 917 4695 uirtutem
941 4653 965 4694 et
984 4647 1088 4694 tuemini
1103 4684 1108 4696 .
1126 4644 1228 4694 amlient
1251 4647 1334 4695 roden
1355 4646 1487 4698 Parisinus

193 4717 261 4767 7556
276 4717 383 4765 uirtutes
402 4723 425 4764 et
439 4715 535 4764 euitimi
554 4729 585 4762 ne
604 4729 653 4781 ego
672 4714 790 4776 meliores
809 4715 903 4765 liberos
922 4715 1064 4780 sumpsisse
1083 4715 1171 4764 uidear
1189 4729 1263 4777 quum
1279 4715 1400 4779 genuisse
1417 4731 1433 4774 ς
