3400 5325
639 263 753 326 LIBER
774 259 851 327 Μ
872 276 991 332 ao—ss
1177 255 1181 262 '
1403 268 1463 332 tas

220 378 391 445 avocans
961 391 968 432 2
1113 376 1123 440 ζ
1263 384 1412 438 asason.

176 459 183 466 “
239 449 382 532 ἱὋιιοαίΡ
405 467 523 530 quoque
543 459 572 512 et
592 451 738 513 inlinitum
760 461 790 515 et
810 453 1050 532 interrogativum
1071 462 1101 514 et
1118 453 1270 516 relativum
1293 464 1347 516 est.
1387 456 1464 518 acci·
1573 498 1578 510 ·

170 553 250 633 pitur
271 551 348 614 enim
371 573 425 634 pro
447 555 638 630 ‘quousque’
662 562 691 614 et
712 572 766 633 pro
789 555 953 634 ‘quaudo’,
975 557 1053 634 quod
1076 522 1220 636 ln'plicem
1241 557 1331 618 habet
1353 559 1464 638 signifi·

171 655 331 730 sationem,
355 663 387 716 ut
407 655 599 718 ostendimus.
638 655 843 718 Terentius
868 657 900 717 in
919 655 1159 719 Phormione:

550 763 556 776 '
1001 758 1110 838 quid?
1133 768 1261 823 sertem

145 879 158 918 s
324 858 450 928 Quoad
473 858 686 939 expectatis
711 860 897 922 vestrum?

170 960 377 1038 interrogative
407 959 487 1020 dixit.
538 959 615 1022 idem
645 969 674 1021 et
702 963 855 1023 relativum
883 970 943 1036 est,
979 970 1011 1024 ut
1042 963 1155 1042 ‘quoad
1186 964 1314 1038 iussisti,
1346 967 1430 1045 pansi
1439 970 1461 1040 ²,
1479 973 1512 1024 51

171 1063 329 1124 inlinitum:
361 1061 476 1140 ‘quoad
503 1062 588 1135 libet,
618 1062 716 1124 scribo
726 1065 746 1123 ⁹.
792 1064 926 1125 similiter
951 1068 1153 1142 ‘quousque',
1182 1067 1358 1143 ‘usquead
1385 1069 1464 1146 quod

170 1168 306 1245 tempus’
334 1154 377 1225 ¹vel
404 1165 516 1242 ‘usque
545 1164 582 1224 ad
611 1180 699 1241 quem
719 1164 853 1242 locum',
882 1174 912 1228 et
938 1167 1178 1244 interrogativum
1207 1175 1236 1227 et
1259 1167 1411 1230 relativum
1435 1177 1465 1231 et

170 1267 317 1329 infinitum
342 1273 441 1346 potest
468 1285 551 1328 esse:
577 1266 816 1345 interrogativum
826 1276 893 1341 ,out
920 1269 1050 1330 Cicero
1079 1269 1109 1329 in
1139 1269 1152 1329 l
1178 1270 1463 1335 invectivarum:
1535 1265 1542 1280 ⁴

135 1385 367 1448 voquousque
398 1367 546 1428 tandem
580 1367 755 1442 abutere,
793 1369 974 1443 Catilina,
1009 1370 1199 1450 patientia
1228 1370 1382 1432 nostrat
1418 1392 1465 1434 re·

170 1471 306 1544 lativuvn,
337 1477 369 1531 ut
395 1473 569 1548 ‘quousque
591 1470 685 1531 visum
708 1478 753 1531 est
781 1470 912 1546 doctori,
941 1471 1028 1534 didici
1037 1476 1058 1546 ',
1086 1473 1249 1546 inlinitum,
1279 1481 1312 1532 ut
1337 1474 1464 1552 ‘quom

171 1591 229 1653 que
266 1572 397 1632 videatur
436 1571 507 1646 tibi,
537 1571 653 1634 veuio'.
704 1579 734 1632 et
765 1573 868 1634 localia
902 1571 1021 1652 quidem
1054 1551 1199 1635 adverb&
1227 1575 1464 1652 frequentissime

170 1663 224 1756 pro
245 1669 259 1758 ΙΙ
280 1673 491 1754 temporalibus
519 1684 636 1754 ponunt
664 1682 817 1749 auctores,
854 1673 1027 1756 temporalia
1041 1694 1120 1749 ¹vero
1144 1695 1199 1756 pro
1228 1675 1370 1738 localibus
1394 1695 1466 1739 nus

171 1796 276 1856 quam,
299 1783 331 1837 ut
351 1775 532 1852 Virgilius
553 1775 584 1836 in
606 1776 644 1837 V:
707 1827 708 1830 ,

136 1895 158 1936 vo
325 1877 391 1938 llic
412 1878 534 1957 patris
554 1877 698 1939 Aeneae
721 1895 944 1959 suspensam
964 1877 1103 1940 blanda
1125 1876 1295 1940 vicissim

325 1979 467 2040 Gaudia
487 1987 747 2060 pertemptant
766 1987 944 2054 mentem,

171 2083 263 2145 ‘bic‘
280 2101 333 2162 pro
353 2083 458 2144 ‘tuno’.
503 2083 580 2144 idem
603 2083 634 2143 iu
653 2081 684 2142 ll
706 2082 908 2144 Aeneidos:

323 2184 413 2245 lude
434 2192 516 2245 toro
536 2192 648 2264 pater¹
664 2185 809 2246 Aeneas
833 2185 891 2246 sic
909 2203 1022 2246 orsus
1043 2183 1087 2244 ab
1109 2184 1202 2259 alto,

171 2287 265 2348 ‘inde'
289 2304 342 2366 pro
364 2289 491 2366 ‘postea'
514 2295 542 2347 et
567 2286 732 2362 ‘deinde'.l
1049 2271 1081 2282 '⁸

134 2409 159 2448 ao
258 2386 401 2459 Quoniam
424 2389 460 2448 de
480 2389 543 2463 bis,
566 2407 641 2467 quae
656 2388 723 2450 loco
739 2387 927 2450 articulorum
942 2387 1036 2466 accipi
1051 2398 1178 2468 possunt
1194 2390 1272 2469 apud
1289 2391 1419 2466 Latinos,
1436 2397 1504 2451 vill
1517 2402 1551 2452 52

172 2493 202 2553 in
225 2509 314 2571 supra
336 2489 422 2554 dictis
445 2491 629 2552 ostendimus
649 2499 679 2552 et
700 2481 741 2551 de*
758 2489 934 2568 generaliter
954 2489 1076 2551 induitis
1097 2489 1142 2550 vel
1163 2491 1292 2554 relativis
1310 2491 1353 2552 vel
1376 2493 1467 2556 inter·

171 2594 309 2675 rogativis
327 2592 512 2666 nominibus,
535 2609 610 2672 quae
628 2592 779 2654 relationis
798 2611 887 2653 causa
909 2591 1024 2653 stoici
1042 2591 1120 2653 iuter
1134 2592 1276 2654 articulos
1291 2613 1402 2675 ponere
1417 2615 1466 2656 so·

171 2698 285 2771 lebant,
310 2704 339 2757 et
360 2696 398 2757 de
418 2695 580 2770 adverbiis,
608 2712 683 2774 quae
701 2694 746 2756 vel
768 2714 803 2755 er
824 2696 868 2756 eis
891 2702 1053 2757 nascuntur
1076 2694 1121 2755 vel
1144 2714 1245 2757 eorum
1266 2697 1397 2759 diversas
1419 2717 1466 2759 se·

170 2806 301 2879 quuntur
322 2796 569 2876 significationes,
591 2814 776 2877 consequens
796 2816 863 2859 esse
886 2796 1034 2870 existimo,
1064 2797 1101 2856 de
1122 2797 1328 2877 pronominum
1348 2818 1466 2878 quoque

134 2918 158 2958 as
171 2900 391 2962 constructione
410 2900 564 2960 disserere.
604 2898 718 2960 articuli
737 2899 814 2960 enirn
835 2918 902 2961 cum
923 2898 1092 2959 nominibus
1113 2899 1143 2959 in
1164 2900 1296 2960 ovatione
1315 2902 1466 2981 accipiun-
1551 2901 1557 2913 ⁸

169 3012 233 3077 tur,
261 3021 295 3062 ea
318 3020 387 3063 vero
415 3020 468 3081 pro
496 3000 672 3062 nominibus.
717 3019 813 3080 neque
837 3001 915 3082 apud
938 3001 1065 3061 Graecos
1089 3007 1188 3061 tamen
1211 3001 1385 3081 pronomina
1414 3004 1466 3064 de·

170 3104 374 3177 monstrativa,
398 3103 506 3183 quippe
536 3110 706 3183 praesentes
727 3103 911 3165 ostendentia
932 3120 1090 3182 personas,
1121 3120 1196 3180 quae
1221 3103 1252 3163 in
1276 3104 1371 3184 prima
1396 3113 1467 3167 suut

170 3205 354 3285 cognitione,
382 3205 572 3267 articulorum
594 3224 661 3265 esse
683 3213 808 3287 possunt
834 3204 951 3286 capacia
974 3203 1253 3285 praepositivorum,
1282 3194 1388 3284 quibus
1409 3206 1465 3268 La·

170 3310 270 3371 tinitas
290 3316 387 3383 caret,
409 3308 486 3370 sicut
501 3307 663 3369 docuimus.
703 3317 732 3369 et
754 3307 959 3381 manifestum,
982 3306 1059 3386 quod
1079 3306 1145 3367 ideo
1167 3313 1196 3368 et
1214 3325 1302 3369 casus
1320 3308 1466 3389 recipiunt

134 3411 362 3493 aopronomina,
390 3418 421 3470 ut
441 3428 494 3489 pro
518 3418 578 3471 toto
602 3410 721 3473 nomine
745 3409 885 3484 subeant,
907 3409 937 3469 id
959 3418 1005 3471 est
1026 3427 1081 3488 pro
1104 3408 1240 3470 omnibus
1257 3409 1321 3471 eius
1336 3411 1465 3487 casibus,

240 3564 483 3630 lintevrogatiuuvn
501 3572 525 3613 et
542 3562 667 3613 inlinitum
684 3562 706 3612 S
719 3567 724 3578 “
790 3571 829 3612 est
850 3562 912 3613 add.
929 3577 946 3610 r
1014 3563 1045 3637 Ι2
1069 3560 1216 3635 meusque]
1234 3578 1250 3611 r
1274 3577 1356 3625 usque
1371 3564 1396 3613 lt

169 3642 470 3733 quandolnterrogatiuo
486 3646 553 3722 soliis
572 3666 609 3717 Na
626 3665 791 3733 triplicemS
877 3666 946 3731 quod
969 3682 1025 3729 nep.
1041 3666 1085 3715 lin.
1103 3665 1200 3716 adds·
1284 3641 1490 3717 3'lerrentius

170 3844 196 3893 N
267 3843 438 3908 baspectetis
454 3843 475 3893 G
492 3844 613 3907 spectatis
635 3842 692 3893 Ter.
712 3840 800 3891 Βοιώ.
821 3841 963 3905 expectatis
983 3840 1041 3890 Ter.
1059 3840 1125 3892 Bae.
1210 3838 1227 3889 6
1245 3839 1343 3905 estut]
1364 3855 1379 3888 r
1398 3842 1465 3892 etll

239 3914 325 3963 lusisti
341 3914 366 3964 L
447 3912 606 3962 lindoinum
624 3920 662 3961 est
678 3918 705 3961 ut
720 3928 744 3961 vn
824 3902 938 3973 Squod]
959 3925 975 3957 r
992 3916 1053 3972 quot
1069 3910 1094 3959 R
1177 3907 1465 3975 ilinterrogatiuumJn

169 3993 198 4033 ut
216 3984 299 4033 cicero
316 3980 543 4033 invvectiusrumS
612 3982 662 4033 Oia.
682 3984 707 4031 in
725 3982 780 4033 Cat.
800 3994 840 4030 or.
862 3979 944 4038 ll,l
1020 3978 1238 4031 tumulemus
1315 3981 1348 4032 la
1367 3988 1465 4044 tempo-

170 4048 277 4119 ralibus]
297 4069 313 4102 r
330 4052 528 4117 temporibusll
583 4050 723 4103 'localibus
741 4052 765 4101 L
841 4050 952 4113 nuquam
968 4047 990 4099 S
1007 4062 1136 4113 uunquam
1156 4049 1181 4098 L
1250 4050 1282 4099 14
1301 4059 1328 4099 ut
1346 4064 1390 4099 orn.
1410 4046 1465 4101 Ma

243 4125 323 4189 Verg.
344 4122 410 4173 Aen.
434 4121 457 4170 V
480 4122 583 4187 82'lsq.
675 4120 707 4172 ts
730 4134 881 4186 suspensum
904 4115 1015 4183 blanda]
1041 4120 1060 4169 d
1081 4132 1207 4183 suspensa
1228 4116 1349 4169 blandam
1370 4122 1396 4169 D

169 4192 263 4245 blandit
282 4192 309 4242 N
375 4192 476 4242 uicisim
495 4194 519 4243 L
593 4191 624 4242 16
641 4187 821 4256 pertemptent]
841 4205 857 4238 r
874 4187 1263 4256 pertemtanthertenteutO
1332 4190 1363 4239 17
1384 4190 1463 4253 Verp.
1543 4212 1551 4227 ·

171 4264 234 4316 Aen.
254 4263 310 4313 112
382 4260 561 4312 tannasara
631 4260 666 4312 20
688 4276 720 4310 ns
738 4273 943 4311 cousravcrvcns
962 4272 1132 4310 vaonorunvn
1151 4257 1264 4308 smera
1319 4258 1400 4325 »apud
1417 4258 1465 4307 Lu-

168 4330 338 4383 tioosom.S
422 4332 456 4381 22
474 4330 557 4393 stoici]
574 4331 609 4394 cf.
628 4331 671 4381 lid.
689 4332 726 4381 XI
743 4330 789 4393 §l
879 4326 962 4394 inter]
985 4328 1069 4379 nava
1156 4326 1276 4377 articulos
1295 4342 1331 4377 ex
1348 4327 1465 4378 alticulos

167 4418 237 4454 corr.
257 4402 291 4453 M
358 4400 392 4453 23
410 4409 531 4451 secuntur
545 4399 616 4452 RNS
684 4402 718 4452 25
736 4400 848 4450 diserere
864 4399 889 4449 L
959 4400 1100 4449 moratione
1115 4398 1141 4445 D
1159 4398 1194 4460 of.
1214 4396 1332 4460 Apellen.
1350 4398 1382 4448 de
1396 4404 1463 4464 spat.

168 4475 192 4524 ll
211 4474 224 4523 l
240 4489 269 4535 p.
289 4471 334 4535 95,
352 4474 369 4522 4
387 4470 437 4521 Blc.
457 4488 479 4521 c.
501 4487 559 4522 aaa.
579 4468 695 4521 Belclcert'
763 4471 796 4519 27
816 4468 987 4534 ostendentia]
1004 4486 1021 4517 n
1036 4468 1145 4521 ostentio
1157 4467 1184 4516 N
1252 4466 1286 4517 28
1305 4464 1463 4533 cognitione]

168 4540 432 4608 rcoguatiouell.
475 4542 580 4607 capacia
598 4555 654 4589 esse
670 4547 777 4606 possunt
793 4539 830 4589 ot
910 4535 1035 4606 possunt]
1054 4537 1231 4602 dposseutD
1313 4535 1430 4601 capacia]
1450 4553 1466 4586 r

169 4608 359 4678 capsitanus
439 4611 670 4677 praepositiuorum
691 4612 734 4675 qui
754 4610 788 4659 ad
805 4610 943 4659 secundam
962 4610 1070 4658 attinent
1085 4606 1257 4672 togoitionem
1276 4606 1370 4668 quibus
1386 4606 1463 4670 ROS,

167 4685 216 4733 sed
231 4696 299 4736 noce.
321 4682 365 4745 qui
377 4682 526 4732 -sttinent
542 4682 607 4731 cotie
626 4680 658 4732 ÷
673 4690 699 4731 et
717 4695 724 4729 ι
741 4680 843 4730 inclusit
858 4679 884 4728 b.
902 4694 925 4731 e.
944 4678 1067 4729 delendae
1083 4692 1140 4726 aare
1156 4677 1306 4742 signficavit
1321 4676 1343 4725 S
1430 4675 1465 4727 29

169 4751 226 4801 ideo
242 4766 317 4803 casus
334 4750 382 4801 OL
467 4750 502 4802 30
519 4751 547 4801 id
563 4746 612 4815 est]
632 4766 649 4799 r
664 4750 775 4801 ldemll
859 4748 888 4799 id
908 4757 1010 4814 estpro
1029 4742 1357 4811 omuibosciuscasibus]
1380 4746 1465 4797 idest
