3400 5325
260 172 323 234 tot
817 173 1003 254 revsounv

328 285 484 328 Asander.
1372 319 1378 330 .
1428 319 1433 330 .
1502 321 1509 330 .

258 299 368 419 dicium
396 366 451 420 est.
496 357 535 418 Et
560 357 638 420 unde
658 377 818 439 masenius
838 360 915 420 scire
936 358 1152 421 differentiam?
1187 303 1370 422 Aiuncturai
1387 290 1563 422 ΐῑιὲῖιιίίίιιει-

259 459 355 532 tione,
382 459 410 519 id
439 468 484 522 est
510 449 571 518 ἀπὸ
596 460 648 538 τῆς
676 452 858 534 συντάξεως,
887 479 962 538 <virae
985 461 1068 524 facile
1093 470 1189 542 potest
1214 461 1282 524 sciri
1307 482 1342 524 cx
1366 463 1560 542 singularium

260 561 409 634 iunctura,
439 580 514 640 quae
542 581 603 623 non
630 561 740 624 babent
767 561 877 624 similes
900 562 1026 624 dativum
1051 571 1079 622 ot
1101 563 1273 638 ablativum,
1304 565 1389 625 utin
1418 565 1560 628 omnibus

259 663 371 742 primae
399 663 603 725 declinationis
631 663 799 725 nominibus
827 672 858 724 et
883 663 987 724 tertiae
1013 664 1042 726 in
1066 683 1082 725 e
1106 664 1327 726 terminantibus
1350 666 1505 728 ablativum
1531 678 1560 728 et

195 778 245 830 ltu
260 773 381 842 quartae
397 773 427 824 et
445 767 573 843 quintae.
609 764 638 824 in
658 765 804 848 bistonim
827 765 982 827 manifeste
1003 767 1132 828 ostendit
1147 785 1233 828 casus
1256 766 1458 829 dillerentiam.
1490 787 1583 830 cums

258 865 347 944 igitur
367 867 488 929 verbum
510 866 616 928 dedisti
640 867 704 928 sine
726 867 816 928 dubio
835 866 962 928 dativum
987 867 1092 946 exigit,
1116 867 1208 946 siquis
1227 887 1316 948 supra
1338 869 1480 932 dictarum
1507 871 1560 931 de-

256 966 447 1029 clinationum
470 988 577 1031 nomen
605 969 738 1042 ordinet,
759 986 884 1030 necesse
910 978 955 1029 est
976 969 1103 1030 dativum
1127 967 1300 1048 adiungere,
1322 970 1428 1032 dedisti
1452 981 1559 1052 poetae

257 1069 302 1130 vel
334 1069 446 1132 homini
473 1070 517 1130 vel
545 1071 658 1132 senatui
687 1068 731 1130 vel
750 1071 812 1146 ‚rei
857 1089 915 1131 non
943 1069 1010 1130 licet
1033 1070 1110 1130 enim
1138 1071 1193 1132 nisi
1225 1071 1351 1133 dativum
1375 1073 1444 1134 buic
1466 1073 1558 1134 verlvo

258 1171 425 1250 adiungere.
471 1181 606 1246 etanta,
640 1171 719 1251 quod
741 1180 879 1250 quattuor
901 1171 1011 1232 babent
1033 1170 1258 1254 declinationum
1283 1173 1463 1236 differentias
1487 1194 1558 1254 pro·

255 1273 385 1334 nomina.
431 1282 501 1334 sunt
528 1273 606 1335 enim
638 1291 712 1351 quae
743 1281 802 1333 tam
829 1273 994 1351 genetivum
1024 1291 1111 1352 quam
1139 1273 1267 1336 dativum
1295 1275 1325 1335 iu
1353 1276 1591 1348 iterminant‚ro

256 1383 421 1452 quaesunt
444 1375 497 1436 tria
519 1382 549 1436 et
571 1375 736 1436 communia
760 1375 847 1436 trium
872 1392 1028 1453 generum,
1049 1381 1082 1436 ut
1104 1393 1158 1453 ego
1179 1375 1235 1436 mei
1260 1377 1346 1451 mibi,
1369 1391 1399 1438 tu
1423 1377 1463 1437 tui
1486 1377 1551 1448 tibi,

179 1459 239 1544 'tau
256 1476 301 1539 sui
326 1477 392 1538 sibi.
432 1485 501 1538 sunt
525 1495 601 1555 quae
628 1477 794 1554 genetivum
821 1477 852 1537 in
879 1476 940 1550 ius,
972 1475 1097 1536 dativum
1122 1495 1189 1564 vero
1219 1477 1249 1537 in
1276 1478 1285 1539 i
1308 1479 1477 1558 proterunt,
1499 1480 1551 1556 qui

255 1597 344 1640 usus
369 1597 541 1640 communes
569 1587 639 1640 sunt
666 1578 753 1638 trium
782 1579 943 1656 graelum,
969 1587 1002 1638 ut
1026 1577 1074 1638 ille
1096 1577 1174 1639 illius
1198 1579 1256 1654 illi,
1279 1579 1343 1659 ipsc
1365 1579 1458 1658 ipsius
1482 1579 1551 1659 ipsi,

256 1679 312 1740 iste
330 1678 415 1742 istius
434 1680 499 1754 isti,
518 1681 567 1741 lric
587 1680 675 1741 buius
695 1680 780 1754 buic,
802 1679 828 1741 is
849 1679 914 1742 eius
935 1679 970 1739 ei.
1017 1687 1086 1740 sunt
1108 1678 1161 1740 alia
1184 1699 1261 1760 quae
1281 1691 1421 1742 secuntur
1442 1701 1553 1744 scrun-

256 1781 311 1842 dac
332 1781 535 1846 (inclinationis
556 1779 710 1844 mobilium
731 1781 873 1861 regulam,
892 1781 986 1860 qualia
1010 1789 1079 1842 suut
1097 1782 1262 1860 possessiva
1278 1783 1367 1856 baec,
1383 1801 1468 1842 meus
1485 1793 1587 1843 tuusra

255 1901 329 1944 suus
350 1891 453 1944 noster
473 1893 579 1946 vester.
626 1891 696 1944 sunt
717 1881 772 1944 alia
801 1877 1129 1944 tertiae‘declinationis
1152 1883 1302 1946 nominum
1326 1883 1554 1946 declinationem

257 1985 419 2057 servantia,
444 1995 474 2046 ut
495 1995 612 2048 nostras
634 1991 756 2058 vestras,
779 1981 938 2067 noltslratis
962 1985 1104 2046 vestratis.

189 2091 236 2142 lot
311 2087 479 2149 ,Aeneia
508 2105 583 2169 quae
610 2079 681 2166 pars
716 2086 856 2147 orationis
892 2085 958 2148 est?
994 2087 1116 2148 Nomen.
1169 2083 1283 2157 Quale?
1323 2086 1553 2167 Appellativum:

255 2189 388 2268 quamvis
409 2187 487 2248 enim
510 2188 692 2268 possessoris
714 2188 865 2268 proprium
887 2205 994 2248 nomeu
1014 2189 1174 2266 significet,
1199 2197 1294 2250 tamen
1317 2189 1413 2250 omnis
1431 2208 1554 2269 posses-

255 2291 300 2352 sio
321 2290 385 2352 eius
404 2307 559 2351 commune
574 2290 632 2350 boc
646 2307 753 2382 nomen
769 2297 866 2368 potest
882 2289 1006 2362 babere,
1031 2298 1061 2350 ut
1076 2291 1181 2350 Aeneia
1203 2299 1310 2364 mater,
1328 2291 1433 2350 denaia
1454 2309 1550 2364 menS,
1561 2314 1588 2354 nn

254 2393 362 2454 Aeneia
385 2391 493 2465 lanies,
517 2391 624 2452 Aeneia
646 2409 765 2464 manus,
789 2391 895 2451 Aeneia
918 2391 1030 2466 nutrix,
1057 2392 1183 2452 beneius
1205 2411 1288 2470 ager,
1312 2392 1439 2453 Anneius
1463 2392 1552 2464 idios,

254 2494 382 2556 Aeneius
397 2493 493 2566 ensis,
517 2492 656 2554 bensium
672 2494 787 2566 lumen,
807 2492 947 2553 boneium
969 2511 1093 2566 munus,
1112 2493 1252 2554 beneium
1270 2511 1408 2570 regnum:
1432 2495 1553 2572 generis

255 2595 408 2683 feminini,
434 2593 547 2656 numeri
573 2593 747 2673 singularis,
779 2594 889 2673 figurae
918 2593 1076 2675 simplicis,
1111 2593 1314 2656 declinationis
1343 2595 1464 2675 primae.
1508 2595 1553 2656 Es

187 2708 237 2760 152
255 2718 315 2779 quo
341 2699 459 2760 nomine
485 2694 655 2758 derivatur?
693 2695 736 2758 ab
758 2698 872 2771 beura,
894 2696 930 2757 de
955 2716 1013 2775 quo
1041 2698 1070 2758 in
1099 2697 1300 2777 superioribus
1327 2698 1415 2759 latius
1444 2706 1553 2759 tracta·

254 2801 358 2861 vivims.
1559 2826 1586 2865 aa

339 2902 471 2964 Nutrix
497 2918 572 2979 quae
595 2919 664 2980 pars
685 2900 827 2961 orationis
848 2896 916 2961 est?
951 2899 1074 2961 Nomen.
1116 2897 1231 2971 Quale?
1272 2900 1481 2981 Appellativum
1505 2902 1550 2962 vel

253 3004 451 3065 derivativum.
497 2986 586 3065 Citius
609 3001 717 3081 speciei
740 3000 986 3063 derivativorum?
1008 3001 1146 3063 Verbalis.
1187 3002 1305 3080 Exque
1323 3002 1411 3063 verbo
1433 3021 1551 3065 mascu-

253 3105 346 3167 linnm
373 3105 437 3166 eins
460 3100 465 3186 Ι
490 3102 642 3166 nascitur?
683 3103 835 3165 Anutrio.
878 3104 975 3165 solent
1005 3112 1102 3165 autem
1134 3104 1164 3164 in
1194 3111 1240 3165 tor
1268 3104 1392 3165 verbalia
1426 3105 1456 3165 in
1494 3105 1550 3167 trix

252 3210 351 3268 lacere
379 3206 518 3268 feminina
542 3214 652 3271 mutata
675 3224 709 3267 or
729 3205 759 3266 in
780 3204 840 3280 rix,
866 3212 898 3265 ut
919 3204 1011 3267 lector
1032 3204 1150 3279 lectrix,
1172 3212 1285 3267 amator
1308 3188 1439 3280 amabil,
1462 3225 1551 3269 accu-

252 3316 333 3371 sator
353 3307 525 3369 accusatrix.
566 3308 596 3368 in
625 3326 713 3386 supra
744 3307 823 3367 dicto
848 3325 916 3367 vero
937 3307 1101 3385 euphoniae
1124 3326 1212 3369 causa
1233 3307 1277 3368 vel
1300 3307 1493 3382 alternitatis,
1517 3310 1582 3373 ideo

253 3418 300 3474 est
320 3403 591 3492 negotiabimus,
615 3407 784 3487 trisyllaba
808 3407 957 3469 subtracta
980 3416 1026 3469 est
1053 3417 1154 3470 contra
1172 3408 1311 3488 regulam.
1350 3410 1428 3487 „Cum
1455 3411 1551 3471 nutri-

253 3521 301 3575 tor
321 3512 400 3575 enim
425 3513 463 3573 sit
483 3510 694 3585 masculinum,
718 3509 818 3570 debuit
839 3510 1011 3571 femininum
1035 3511 1275 3585 murmurasse,
1304 3510 1357 3573 sed
1381 3510 1548 3589 absurditas

188 3625 237 3678 153
252 3614 319 3677 soni
336 3615 443 3677 minuit
463 3612 610 3691 syllabam.
644 3614 747 3689 Aquo
764 3611 852 3672 verbo
870 3610 1037 3673 derivatur?
1076 3612 1212 3673 bnutvio
1234 3613 1328 3674 nutris
1351 3614 1452 3675 nutrit.
1490 3614 1550 3676 lie-

252 3717 327 3777 clina
351 3716 479 3777 verbum.
522 3713 626 3775 Nutrio
653 3713 772 3775 verbum
803 3713 929 3775 activum
958 3712 1114 3775 indicativo
1143 3715 1231 3775 modo
1266 3714 1375 3775 dictum
1405 3718 1548 3796 temporis

251 3818 416 3899 praesentis
435 3816 549 3877 uumeu'
565 3814 723 3893 singularis
738 3815 848 3891 figurae
868 3814 1009 3895 simplicis
1032 3816 1245 3893 coniugationis
1259 3824 1380 3894 quartae
1400 3836 1581 3897 personasse

251 3920 379 3998 primae,
406 3918 485 3996 quod
510 3915 705 3979 declinabitur
729 3916 789 3991 sic,
819 3917 916 3977 nutrio
943 3916 1038 3977 nutris
1065 3918 1158 3979 nutrit
1185 3917 1330 3981 nutrimus
1353 3918 1470 3979 nutritis
1492 3938 1548 3980 nu·

252 4020 357 4093 triunt,
391 4015 495 4080 eodem
521 4019 610 4080 modo
638 4024 770 4097 tempore
800 4019 958 4097 praeterito
993 4019 1166 4098 imperfecto
1194 4020 1360 4081 nutriebam
1393 4020 1547 4081 nutriebas

252 4121 400 4182 nvvuiebat
427 4120 628 4183 nutriebamus
665 4119 838 4180 nutriebatis
873 4120 1057 4196 nutriebant,
1087 4120 1243 4201 praeterito
1272 4120 1401 4202 perlecto
1438 4122 1545 4183 nutrivi

253 4222 397 4284 nutrivisti
417 4222 537 4283 nutrivit
555 4221 729 4283 nutrivimus
747 4221 909 4283 nutrivistis
930 4222 1114 4283 nutv‘uerunt
1135 4221 1178 4282 vel
1202 4222 1363 4295 nutrivere,
1386 4223 1545 4303 praeterito

251 4324 541 4403 plusquamperlecto
562 4322 739 4385 nutriveram
759 4320 922 4385 nutriveras
946 4324 1105 4386 nutriverat
1125 4324 1339 4385 nutriveramus
1358 4324 1579 4387 nutriveratisu

321 4508 544 4573 2quodlncile6
613 4506 811 4559 amanitesvon’
881 4472 1128 4576 deuiivadictorum
1144 4511 1209 4563 GGS
1280 4510 1368 4575 12qui
1386 4526 1542 4562 menseum-

250 4596 342 4631 mnncs
363 4588 423 4630 sunt
440 4580 462 4629 S
479 4581 523 4642 qui
541 4587 601 4629 suut
619 4593 766 4628 communes
786 4580 807 4630 0
824 4594 889 4643 qrvae
907 4589 966 4629 suut
985 4580 1164 4630 communia&
1235 4583 1269 4633 20
1283 4595 1354 4631 mens
1368 4582 1488 4633 Smensa
1502 4582 1542 4633 OG

320 4652 354 4699 24
373 4648 400 4696 in
418 4647 601 4713 superioribus]
621 4662 648 4711 p.
664 4647 716 4699 482
786 4647 820 4698 30
838 4649 933 4699 ueroS
950 4648 1027 4699 uerbo
1042 4650 1084 4699 OG
