3400 5325
442 231 692 294 Paullatoo'es
714 231 766 292 Xll
789 230 896 292 VERS.
920 232 1003 291 AEN.
1027 231 1048 292 1.
1081 240 1194 295 26-36
1409 230 1471 291 467

219 359 243 399 p.
260 346 310 386 rau
324 346 358 388 aa.
373 347 397 387 r.
1250 358 1271 397 p.
1288 344 1375 385 aaa-u
1395 344 1421 385 n.

169 419 247 495 quod
267 426 314 478 est
335 436 432 478 careo.
477 418 514 478 ah
537 438 572 479 eo
596 426 693 478 tamen
716 418 880 497 composita
902 418 931 477 in
956 416 986 477 ui
1008 417 1116 479 divisas
1139 415 1249 477 laeiuut
1270 416 1468 495 praeteritum,

169 519 294 579 concino
320 519 471 593 concinui,
497 521 618 580 stroeina
642 520 791 591 succinui,
821 519 925 580 occino
948 518 1072 579 occinui.
1118 518 1170 577 [lic
1193 517 1344 597 partieipia
1367 517 1514 576 rational

170 621 286 681 Canens
314 630 344 679 et
372 628 521 682 caritonis.
568 622 693 682 Passim.
740 622 850 681 Cantus
878 628 906 679 et
929 620 1088 681 canendus.
1134 619 1192 679 Fac
1214 618 1250 679 ah
1273 619 1316 679 eis
1339 619 1467 679 nomina.

169 721 281 781 Caritas
303 712 404 804 ἡῷδή
421 730 451 781 et
471 723 568 782 cantio
583 731 613 782 et
633 730 737 783 cantor
752 730 780 781 et
800 722 912 782 cantrix
935 729 963 781 et
986 721 1145 793 cantilena,
1165 730 1193 779 et
1217 740 1231 780 a
1249 719 1468 798 frequentatiris

146 821 244 902 a[duo
268 830 366 883 autam
389 831 466 897 sunt,
489 832 576 883 canto
597 833 627 883 et
647 822 771 903 cantito]
796 830 929 883 cantatus
953 830 982 881 et
1002 822 1128 883 cantatio
1151 831 1180 881 at
1200 831 1333 882 rutilatur
1353 830 1381 881 et
1400 840 1469 881 ran-

169 925 263 984 tatrix.
308 925 471 985 concinnus
493 942 610 1003 quoque
631 944 648 985 a
671 925 804 985 canendo
823 924 1018 1003 compositum
1042 931 1097 983 est.

253 1026 387 1087 Troiae
408 1042 482 1102 quae
506 1046 574 1105 pars
597 1026 737 1087 orationis
757 1024 827 1086 est‘l
855 1025 977 1085 Nomen
1024 1022 1136 1096 Otrale?
1164 1024 1329 1103 Proprium.
1376 1026 1466 1087 Cuius
1484 1035 1517 1087 32

169 1126 299 1205 speciei?
333 1127 519 1187 Derivativae.
547 1125 552 1211 Ι
582 1128 697 1189 alroe
720 1128 798 1189 eaim
824 1146 894 1205 rege
917 1127 1065 1189 nominata
1089 1137 1134 1187 est
1157 1126 1251 1186 Troia.
1298 1126 1350 1185 llic
1372 1127 1409 1186 all
1432 1146 1467 1187 eo

168 1228 224 1289 alia
245 1213 382 1288 desirata.
428 1226 571 1289 Troianos
594 1230 732 1301 Traicas3
759 1230 834 1289 Tros
856 1248 990 1307 qnoque,
1013 1229 1129 1307 quanda
1151 1246 1204 1307 pra
1228 1227 1415 1307 appellativo,
1439 1230 1466 1291 id

132 1338 218 1390 mest
239 1325 373 1409 genjltilh
398 1330 548 1409 accipitur.
593 1340 622 1390 et
650 1331 818 1404 sciendum,
847 1332 926 1408 quod
955 1329 1094 1409 pleraque
1119 1329 1269 1408 gentilium
1298 1338 1327 1389 et
1350 1331 1466 1410 propria

168 1430 265 1491 solent
294 1450 361 1492 esse
385 1432 518 1510 ipsorum
546 1432 730 1494 conditorum
756 1432 870 1495 urbium
899 1430 959 1493 sire
989 1432 1135 1509 gentium,
1172 1438 1204 1490 nt
1231 1430 1321 1491 ltalus
1349 1432 1466 1493 Danaus

167 1531 290 1593 latinus
313 1533 398 1594 Tros.
444 1534 504 1593 Cur
529 1533 635 1607 l'roia,
663 1552 731 1594 cum
759 1534 836 1613 apud
864 1533 991 1593 Graecos
1017 1544 1052 1592 oe
1079 1532 1283 1611 diphthongon
1309 1533 1339 1592 in
1366 1534 1464 1612 priore
1482 1549 1515 1601 33

167 1633 274 1694 habeat
290 1634 419 1729 syllaba,
444 1652 503 1694 nou
530 1642 626 1695 servat
647 1635 734 1695 etiam
757 1635 834 1714 apud
858 1632 935 1695 nos?
966 1633 1039 1704 Quia
1067 1634 1096 1693 in
1119 1633 1282 1712 disyllabis,
1306 1634 1335 1693 in
1359 1635 1466 1712 quihus

168 1754 203 1795 ae
229 1733 273 1794 rel
296 1754 332 1795 oe
359 1735 532 1815 diphthongi
560 1737 737 1797 antecedant
764 1744 906 1814 sequente
937 1734 1043 1809 vocali,
1073 1734 1217 1795 diaeresin
1246 1734 1342 1795 solent
1370 1736 1465 1796 l'aeere

132 1835 262 1896 raLatiui
283 1838 456 1916 plerumque
476 1846 506 1897 et
521 1857 575 1917 pro
595 1846 777 1899 consonante
796 1836 904 1917 ‹lapliei
924 1836 1056 1915 accipere
1075 1836 1084 1895 i
1107 1844 1135 1896 et
1153 1854 1217 1896 eam
1240 1854 1256 1896 a
1278 1838 1375 1916 priore
1389 1832 1466 1899 'sah-

167 1938 283 1998 traherc
301 1938 409 2016 syllaba
428 1946 458 1997 et
474 1938 638 2017 ¹adiungere
658 1938 809 2015 sequenti3
832 1939 964 2015 quamvis
980 1938 1091 2016 antiqui
1111 1937 1245 1999 salehant
1266 1938 1338 1999 duas
1354 1938 1372 1999 ii
1393 1940 1467 1999 scri·

167 2039 237 2099 here
264 2044 293 2099 et
312 2040 432 2101 alteram
465 2040 555 2119 priori
577 2041 770 2118 subiungere,
798 2039 919 2105 alteram
941 2056 1123 2119 praeponere
1145 2040 1296 2117 sequenti,
1320 2048 1351 2101 ut
1369 2040 1466 2102 l'r'aiia

166 2140 251 2199 hlaiia
270 2140 358 2201 hiiax.
403 2142 480 2201 hanc
500 2134 596 2202 landen
621 2141 864 2203 consuetudinem
880 2141 974 2202 Latini
997 2141 1163 2202 hahuerunt
1184 2142 1288 2202 heales
1308 2142 1466 2215 imitantes,

168 2242 218 2319 qui
238 2244 342 2300 κοῖλον
357 2261 411 2321 per
432 2243 604 2305 divisionem
625 2242 727 2303 dicunt
744 2240 847 2301 aditae
875 2251 903 2303 et
924 2242 1014 2303 multa
1037 2242 1172 2304 sinriliter
1186 2242 1326 2303 dividunt.

131 2364 160 2403 aa
254 2343 320 2412 Oui
344 2362 419 2422 quae
440 2364 509 2425 pars
530 2344 670 2405 orationis
690 2343 755 2404 est‘l
795 2347 817 2406 A
841 2343 1015 2422 quibusdam
1033 2363 1193 2424 pronomen
1213 2345 1270 2405 hac
1292 2364 1358 2405 esse
1380 2356 1466 2425 puta·
1482 2360 1515 2412 aa

168 2453 229 2517 tur,
261 2445 312 2504 sed
335 2464 395 2505 nou
420 2455 509 2506 reete.
554 2445 672 2525 proprie
699 2446 776 2505 enirn
799 2464 962 2526 pronomen
984 2454 1043 2518 est,
1073 2446 1151 2524 quod
1181 2466 1235 2527 pro
1258 2448 1375 2507 nomine
1399 2466 1468 2527 pro·

168 2546 231 2625 prio
253 2547 373 2625 ponitur
400 2555 429 2605 et
454 2564 611 2626 personam
641 2546 752 2606 fruitam
780 2548 879 2607 habet.
926 2566 995 2625 ergo
1021 2566 1087 2607 cum
1112 2548 1177 2625 quis
1200 2557 1230 2609 et
1249 2549 1299 2626 qut
1321 2558 1351 2609 et
1372 2550 1467 2627 qualis

166 2647 233 2708 talis
258 2656 288 2708 et
310 2655 436 2727 quantus
459 2656 556 2709 tantam
585 2655 614 2708 et
640 2647 744 2710 similia
770 2649 813 2710 vel
835 2648 1041 2726 interrogativa
1068 2648 1113 2710 vel
1137 2649 1256 2711 relativa
1288 2669 1342 2710 nec
1370 2650 1466 2712 linitas

166 2749 294 2809 habeant
315 2769 458 2828 personas
477 2769 533 2810 nec
550 2750 616 2810 loco
637 2751 823 2830 propriorum
843 2751 995 2811 nominum
1012 2751 1206 2830 accipiantur,
1229 2770 1288 2811 non
1310 2759 1379 2812 surrt
1399 2771 1468 2830 pra-

129 2851 287 2918 asnomina
314 2850 437 2912 dicenda
463 2852 515 2912 sed
541 2851 640 2930 potius
665 2853 793 2912 uomina.
838 2871 894 2912 nec
916 2853 1037 2926 mirum,
1058 2852 1082 2912 si
1104 2852 1246 2928 quaedam
1269 2871 1304 2912 ex
1326 2853 1398 2932 ipsis
1417 2853 1468 2912 de·

167 2951 354 3015 clinationem
372 2953 499 3012 haheant
518 2949 750 3032 pranolmiaum,
772 2971 839 3014 curu
861 2953 1032 3032 pronomina
1052 2971 1169 3031 quoque
1184 2952 1289 3026 multa,
1308 2954 1345 3014 de
1360 2954 1489 3033 quibus.

166 3072 225 3113 uon
248 3061 294 3113 est
315 3052 472 3126 dubitatio,
500 3055 578 3131 quad
603 3055 774 3133 pronomina
799 3063 883 3129 sunt,
907 3054 1058 3115 nurarinnm
1081 3053 1208 3114 haheant
1231 3055 1465 3128 declinationem,

165 3163 199 3214 ut
218 3173 302 3216 mens
322 3164 390 3216 tuus
408 3163 508 3215 noster
528 3162 632 3215 vester.
677 3164 705 3215 el
727 3156 898 3230 sciendum,
922 3155 999 3233 quod
1023 3155 1070 3232 qni
1087 3173 1141 3235 pra
1161 3155 1227 3232 quis
1243 3146 1376 3235 poluitur,
1400 3159 1466 3236 quis

166 3265 263 3317 autem
290 3276 345 3336 pro
374 3257 423 3336 qui
451 3275 526 3329 noa,
557 3263 587 3316 et
613 3257 690 3335 quad
719 3257 816 3317 omnia
845 3257 1049 3317 huiuscemodi
1078 3256 1195 3317 nomina
1218 3257 1336 3319 relativa
1359 3277 1413 3338 per
1433 3278 1465 3320 se

131 3383 158 3423 aa
167 3364 327 3431 acuuntur,
353 3358 383 3418 in
407 3367 543 3419 contextu
567 3367 664 3419 autem
690 3358 830 3421 arationis
853 3365 1024 3436 gratantur,
1053 3356 1080 3417 id
1103 3367 1149 3419 est
1172 3367 1333 3437 proseuta
1357 3359 1387 3420 in
1407 3361 1466 3420 line

166 3477 284 3536 gravem
311 3467 463 3520 accentum
490 3459 645 3538 accipiunt.
691 3459 747 3520 hoc
772 3468 869 3519 tamen
898 3459 995 3538 ipsum
1022 3459 1070 3537 qui
1099 3479 1152 3539 pro
1180 3459 1317 3521 adverbio
1346 3479 1462 3540 quoque
1482 3477 1514 3528 35

166 3577 257 3639 saepe
278 3560 438 3631 invenitur,
462 3561 579 3638 quando
603 3561 744 3640 accipitur
765 3581 819 3641 pro
842 3560 990 3638 quamodo
1015 3557 1075 3638 [est
1095 3561 1181 3621 reliam
1203 3559 1370 3640 ablativus}
1407 3562 1465 3622 Fac

167 3661 204 3721 ah
226 3681 261 3722 eo
290 3662 494 3742 compositam.
541 3661 696 3741 Quisquis,
725 3663 865 3741 quisque,
894 3661 998 3739 aliquis
1022 3660 1064 3721 val
1090 3660 1195 3740 aliqui,
1216 3662 1323 3739 siquis,
1350 3663 1464 3741 nequis,

166 3762 337 3840 quisquam,
355 3763 549 3842 quicumque,
571 3763 733 3842 quispiam,
755 3763 888 3840 quidam,
913 3763 998 3841 quin,
1021 3763 1098 3841 quod
1121 3763 1266 3840 significat
1283 3763 1332 3842 qen
1356 3783 1414 3822 non
1437 3771 1466 3824 et

129 3882 221 3929 secur
242 3883 301 3924 non
324 3872 354 3925 et
375 3873 407 3925 ut
429 3885 487 3925 non
511 3873 539 3924 et
560 3884 614 3925 neo
633 3884 710 3937 nau,
733 3865 812 3942 atqui
835 3871 863 3924 et
885 3863 994 3942 atquin.

251 3966 392 4028 Primus
413 3984 488 4054 quae
508 3985 577 4046 pars
604 3966 745 4028 orationis
770 3965 836 4026 est?
864 3965 987 4026 Nomen.
1033 3965 1124 4026 Cuius
1148 3973 1194 4026 est
1212 3963 1341 4044 speciei?
1379 3965 1514 4036 0311-33

234 4218 416 4270 desolaturus
432 4221 516 4270 deleta
534 4235 548 4268 3
567 4223 592 4272 in
611 4220 723 4270 secunda
739 4220 841 4284 syllaba
859 4219 880 4268 S
897 4220 1027 4269 caniturus
1048 4217 1180 4269 Petachr'ns
1250 4217 1385 4269 51133-
1404 4235 1464 4270 333-
1499 4281 1502 4288 1

166 4290 210 4338 tlte
230 4289 313 4339 aru.S
370 4291 539 4339 deaneienus
558 4291 579 4340 G
597 4291 718 4338 coracinus
736 4290 925 4340 Ccoucinnuns
943 4305 1012 4338 corr.
1032 4287 1234 4354 rorrrinnnsS¹
1275 4287 1465 4338 SatreeSa

166 4368 220 4408 troo
238 4359 259 4405 (1
279 4373 294 4408 3
313 4360 402 4408 trosC
492 4360 523 4409 12
542 4375 572 4408 oe
589 4361 729 4424 diptongus
747 4361 771 4408 ln
789 4360 874 4423 priore
894 4359 993 4422 syllaba
1012 4359 1044 4408 sit
1062 4357 1082 4406 8
1168 4357 1199 4408 13
1217 4367 1334 4407 sermuur
1354 4357 1396 4406 GS

167 4428 200 4476 la
220 4429 428 4477 ratrsnetndinem
457 4429 543 4478 aeoles
570 4429 711 4477 hahuerunt
736 4430 865 4478 innitentes
886 4427 1164 4478 G:corrstretu‹linrm
1187 4425 1331 4475 habuerunt
1352 4427 1485 4493 reliqui.

165 4498 252 4546 caelen
272 4498 424 4546 diuisionem
440 4498 534 4547 «lirant.
565 4499 589 4544 Δ
608 4497 694 4556 0318
780 4496 813 4546 23
833 4495 1078 4546 etsimiliaiullnita
1096 4496 1201 4546 sintuel
1221 4495 1404 4560 interrogatina
1425 4499 1462 4546 nel

164 4567 272 4616 relatiua
292 4581 316 4616 et
332 4567 415 4616 duitas
434 4581 484 4614 uon
500 4565 647 4616 lmhcantS
699 4565 732 4616 27
752 4567 811 4630 quia
830 4567 981 4632 pronomina
995 4567 1052 4616 sint
1070 4579 1095 4625 ς,
1112 4581 1157 4614 auu
1177 4562 1197 4611 8
1267 4565 1300 4614 28
1316 4581 1388 4617 atreus
1407 4577 1464 4618 tum

164 4650 228 4686 suras
247 4644 333 4685 noster
351 4645 438 4684 nester
456 4643 557 4684 nostras
574 4635 713 4686 uestraaG
794 4635 827 4687 32
846 4645 884 4686 est
903 4635 969 4684 enim
985 4635 1061 4684 etiarn
1080 4633 1206 4684 ablatiuus
1226 4633 1254 4695 0,
1269 4633 1350 4684 3338
1431 4637 1462 4688 :ll

165 4706 292 4770 quispiam
310 4703 414 4768 quidam
432 4719 479 4754 arn.
500 4703 543 4754 OG
613 4707 647 4756 33
663 4714 691 4753 ut
709 4720 758 4754 aaa
773 4713 798 4754 et
810 4719 856 4753 uec
875 4719 925 4754 aaa
945 4720 991 4755 333.
1011 4701 1032 4752 8
1049 4719 1056 4752 a
1074 4713 1102 4752 ut
1117 4717 1167 4770 nan
1187 4711 1212 4751 et
1227 4710 1286 4753 aute
1308 4719 1352 4752 erar
1370 4705 1432 4754 adil.
1451 4721 1464 4755 a

1204 4787 1266 4852 30*
