3400 5325
253 218 316 279 450
811 214 997 275 PlllSClle

302 330 472 384 planta-111¹.
645 324 649 332 “
744 317 752 337 ’
1349 330 1425 382 ,eun
1438 330 1459 370 n
1473 330 1501 371 a.

253 403 329 465 alius
353 402 417 476 alii,
446 411 511 463 oter
533 410 597 461 ntra
620 410 718 461 uuum
741 401 837 461 utrius
859 401 933 474 utri,
962 400 1147 462 alter·altera
1171 400 1292 461 alterum
1316 400 1437 461 alterius
1460 401 1558 461 alteri.

256 505 390 566 similiter
408 503 592 577 declinantur
613 520 815 580 quaecumque
838 520 871 562 ex
891 502 937 562 bis
960 511 1186 582 componuntnr.
1220 502 1364 582 excipitur
1383 503 1431 563 bic
1450 512 1560 565 neuter

206 613 240 665 36
256 605 345 667 buius
374 605 486 678 neutri;
517 603 707 665 vetustissimi
731 612 828 663 tamon
856 612 884 663 et
908 604 1041 664 neutrius
1063 603 1222 683 protulisse
1244 604 1441 665 inveniuntur.
1488 606 1558 682 quis

256 708 301 769 rel
322 708 372 784 qui
388 707 587 768 accusativum
606 706 635 765 in
651 723 697 765 ern
712 705 869 777 terminat,
892 712 923 765 ot
945 722 1046 783 quam,
1068 715 1096 765 et
1116 704 1272 765 ablativum
1293 714 1351 765 tam
1374 706 1403 765 in
1427 727 1444 766 o
1465 724 1559 784 quam

255 809 286 869 in
309 809 333 882 i,
351 816 385 869 ot
407 826 423 867 a
445 826 502 886 qno
522 808 600 867 vela
624 807 688 885 qni,
712 816 740 865 et
765 806 893 867 dativum
910 815 939 866 et
958 805 1113 866 ablativum
1137 806 1280 884 pluralem
1297 815 1355 867 iam
1372 808 1400 867 in
1425 809 1556 885 isquam
1582 837 1596 873 ⁵

206 914 239 967 ³⁷
257 912 287 971 in
309 911 380 983 bas,
404 918 436 969 ut
458 930 474 969 a
497 910 562 987 quis
586 907 629 968 vel
654 928 669 968 a
692 908 807 986 quibus.
853 908 970 985 quidam
993 915 1090 967 tamen
1114 908 1210 968 omnia
1229 908 1339 969 infinita
1363 908 1407 968 vel
1430 909 1560 969 iuterro-

171 1034 175 1039 ·
257 1012 350 1091 gativa
372 1011 416 1071 vel
439 1010 555 1071 relativa
579 1010 623 1070 vel
646 1010 785 1070 redditiva
808 1009 989 1069 substantiae
1013 1008 1056 1069 vel
1079 1010 1250 1087 qtvarvtitatis
1271 1009 1314 1069 vel
1338 1010 1487 1088 qrrnlitatis
1510 1010 1558 1069 rel

256 1112 371 1174 numeri
394 1112 584 1188 significativa
607 1112 780 1191 pronomina
803 1131 870 1172 esse
898 1119 1088 1191 putaverunt,
1112 1120 1143 1171 ut
1165 1110 1230 1189 qvvis
1250 1112 1314 1189 qui,
1343 1110 1455 1193 qurvfslis
1476 1112 1557 1185 talis,

257 1222 383 1293 quantus
402 1220 516 1283 tantus,
538 1222 610 1288 qvint
631 1220 691 1286 tot,
714 1221 744 1273 et
761 1230 836 1291 qaae
861 1232 894 1272 ex
914 1213 959 1273 bis
982 1213 1144 1293 composita
1167 1220 1236 1273 sunt
1255 1230 1306 1273 sen
1330 1214 1467 1274 derivata.
1502 1215 1557 1273 sed

257 1316 432 1397 pronomina
449 1334 516 1375 esse
536 1332 594 1373 non
616 1322 758 1393 possunt,
782 1314 847 1391 quia
867 1312 963 1375 bilitas
985 1333 1127 1393 personas
1150 1333 1208 1374 non
1231 1314 1360 1388 habent,
1383 1315 1461 1393 quod
1484 1335 1556 1395 pro·
1570 1338 1595 1377 10

259 1418 355 1499 prium
377 1424 422 1478 est
442 1415 625 1496 pronominis
648 1434 715 1476 com
738 1434 809 1477 casa
831 1415 990 1476 coniuncti.

172 1500 257 1579 11138'
345 1519 450 1579 Omnia
476 1518 578 1591 verba,
609 1534 684 1595 quae
712 1517 874 1578 seeundum
897 1516 1058 1593 analogiam
1083 1516 1283 1589 declinantur,
1311 1518 1340 1577 in
1365 1538 1382 1579 o
1405 1518 1449 1579 vel
1471 1519 1501 1579 in
1521 1540 1560 1579 or

259 1621 397 1682 desinunt
432 1628 461 1680 et
488 1618 598 1679 babent
624 1614 854 1701 coniugaltioaes
884 1627 1028 1696 qvaattuor.
1075 1618 1167 1697 prima
1194 1618 1348 1697 igiturest
1377 1621 1557 1698 coniugatio,

231 1724 342 1784 'caritas
367 1721 462 1803 prima
490 1740 617 1801 persona
642 1721 671 1781 ia
700 1740 717 1781 o
740 1721 879 1781 desinens
907 1726 999 1779 mutat
1028 1738 1091 1779 eam
1114 1720 1144 1780 in
1167 1738 1200 1783 as
1226 1721 1398 1801 productam
1429 1730 1458 1783 et
1487 1724 1558 1783 la‘e-it

258 1816 433 1897 secundam,
462 1833 494 1883 ut
517 1842 583 1884 amo
612 1842 702 1883 amas.
747 1823 877 1883 secunda
904 1840 972 1881 vero
1003 1821 1168 1899 coniugatio
1180 1831 1252 1897 est,
1282 1842 1357 1901 qliae
1386 1844 1420 1884 eo
1443 1824 1593 1904 primaeva

257 1943 404 2007 personae
433 1925 463 1984 ia
494 1944 526 1985 es
555 1926 735 2001 prodactam
771 1923 914 1984 convertit
948 1924 977 1983 in
1002 1923 1157 1997 secunda,
1194 1942 1268 2002 quac
1303 1944 1423 2005 semper
1455 1930 1486 1985 in
1521 1944 1557 1985 ea

258 2027 463 2104 coniugatione
481 2044 538 2086 una
560 2025 668 2105 syllaba
687 2026 782 2086 minor
802 2034 861 2097 est,
884 2034 916 2085 ut
940 2024 1032 2086 doceo
1061 2024 1159 2087 doces.
1200 2028 1283 2087 tertia
1311 2027 1477 2105 coniugatio
1502 2036 1557 2101 est,

259 2130 382 2208 quaein
415 2129 442 2188 io
472 2127 589 2205 quidem
616 2106 755 2187 desineris
774 2126 803 2185 in
826 2127 919 2207 prima
942 2145 1067 2205 persona
1091 2128 1203 2189 abiecta
1226 2129 1391 2190 oadsumit
1412 2148 1426 2191 s
1450 2138 1479 2189 et
1501 2130 1557 2189 mi·

209 2246 243 2297 aa
261 2230 363 2291 nuitur
389 2247 445 2289 una
475 2226 583 2306 syllaba
610 2229 639 2288 in
667 2228 797 2289 secunda
828 2246 970 2307 persona,
999 2236 1032 2287 ut
1058 2229 1133 2289 lanio
1162 2231 1250 2290 lacis:
1287 2229 1342 2290 alia
1371 2250 1438 2292 vero
1467 2230 1554 2291 verba

257 2348 443 2410 quacumque
469 2330 564 2390 littera
587 2329 779 2389 antecedente
802 2348 820 2388 o
847 2328 876 2389 in
899 2330 924 2389 is
947 2329 1277 2404 brevem'convertunt,
1307 2340 1338 2392 ut
1361 2332 1433 2392 vebo
1459 2332 1591 2406 vebisno

259 2452 313 2494 ruo
334 2433 410 2505 vnis,
434 2430 500 2508 lego
522 2431 604 2509 legis.
649 2440 750 2509 quarta
781 2431 946 2509 coniugatio
969 2432 1092 2510 primam
1115 2450 1271 2512 porsonam
1293 2434 1322 2493 in
1347 2433 1374 2493 io
1398 2434 1494 2494 velia
1520 2453 1556 2494 eo

258 2536 320 2597 linit
345 2518 445 2611 eisque
466 2534 496 2592 in
523 2531 548 2592 is
579 2532 752 2611 productam
774 2534 949 2593 transversis
973 2534 1041 2593 lacit
1064 2534 1223 2595 secundam
1247 2534 1390 2595 minorem
1415 2554 1472 2595 una
1498 2537 1557 2615 syl·

259 2637 341 2711 laba,
362 2646 394 2697 ut
411 2635 497 2698 audio
520 2634 617 2708 andis,
642 2653 677 2695 eo
697 2634 731 2694 is.
770 2652 868 2695 svero
891 2633 969 2696 duali
993 2635 1141 2696 secundae
1163 2653 1307 2715 personae
1323 2636 1353 2696 in
1380 2646 1391 2698 t
1414 2655 1554 2699 conversa

259 2743 292 2800 lit
318 2740 402 2800 tertia
431 2756 555 2819 persona
584 2737 612 2796 in
636 2737 714 2796 omni
738 2736 964 2813 coniugatione,
987 2737 1078 2798 vocali
1102 2745 1199 2798 tamen
1223 2747 1357 2818 correpta
1382 2747 1448 2800 ante
1472 2747 1499 2813 t,
1523 2749 1556 2801 ut

260 2859 341 2902 arnas
368 2849 462 2914 amat,
490 2839 580 2900 doces
608 2838 710 2912 docet,
738 2838 812 2915 legis
834 2837 919 2916 legit,
943 2837 1026 2899 andis
1048 2837 1147 2913 audit,
1171 2839 1196 2900 is
1219 2841 1248 2900 it.
1291 2841 1462 2920 interposita
1485 2861 1588 2908 verosa

259 2961 310 3002 mu
326 2940 384 3022 [in]
406 2940 508 3002 eadem
529 2941 659 3002 secunda
681 2958 808 3019 persona
830 2959 950 3001 servans
973 2959 987 3001 s
1013 2940 1082 3000 lacit
1099 2940 1222 3020 primam
1243 2940 1401 3021 pluralem,
1425 2952 1456 3004 ut
1473 2963 1555 3005 amas

261 3062 411 3117 amamus,
435 3043 524 3104 doces
547 3043 705 3114 docemus,
731 3041 803 3119 legis
826 3040 967 3119 legimus,
993 3041 1077 3102 audis
1100 3039 1244 3104 audimus.
1290 3043 1311 3102 ti
1334 3063 1402 3104 vero
1424 3045 1555 3126 interpo-

261 3145 317 3205 sita
341 3144 501 3204 secundam
523 3145 592 3203 lacit
614 3142 773 3223 pluralem,
796 3150 828 3203 ut
844 3161 925 3204 arnas
947 3144 1068 3217 aruntis,
1093 3144 1182 3204 doces
1200 3144 1329 3218 docetis,
1353 3145 1426 3223 legis
1448 3147 1553 3225 legitis

259 3245 343 3306 audis
365 3245 480 3305 auditis.
515 3245 599 3305 tertia
620 3263 688 3304 vero
709 3244 831 3325 pluralis
850 3245 879 3304 in
899 3245 992 3323 primo
1014 3244 1130 3321 quidem
1154 3251 1182 3304 et
1203 3246 1332 3306 secunda
1351 3247 1555 3324 coniugatione

259 3347 434 3426 interposita
460 3344 562 3406 tertiae
591 3344 731 3424 singulari
758 3367 777 3406 n
800 3347 877 3407 solet
909 3346 988 3420 beri,
1018 3354 1050 3406 ut
1071 3354 1149 3407 amat
1176 3353 1290 3419 amant,
1322 3348 1408 3409 docet
1430 3349 1589 3425 docent3u

220 3485 226 3499 ι
261 3449 290 3508 in
318 3449 402 3509 tertia
431 3466 499 3508 vero
527 3455 557 3507 et
584 3457 685 3526 quarta
714 3448 825 3527 primae
852 3467 996 3528 personae
1026 3468 1043 3508 o
1072 3447 1187 3508 baalam
1215 3449 1244 3508 in
1273 3458 1325 3509 unt
1351 3459 1555 3512 convertentes

262 3551 385 3611 iacimus
408 3545 522 3611 tertiam
543 3549 699 3628 pluralem,
724 3559 756 3610 ut
778 3550 853 3610 lacio
872 3550 1000 3624 iaciunt,
1023 3549 1088 3627 lego
1114 3550 1231 3626 legunt,
1253 3551 1338 3612 audio
1360 3552 1496 3627 audiunt,
1520 3573 1554 3614 eu

209 3669 244 3719 40
262 3660 340 3713 cunt.
385 3650 573 3731 praeteritum
601 3651 804 3730 imperfectum
833 3645 962 3735 prillmae
984 3651 1101 3728 quidem
1126 3659 1155 3710 et
1179 3652 1325 3711 sev-uvidae
1341 3654 1555 3732 coniugationis

261 3773 276 3814 a
305 3753 435 3814 secunda
462 3771 589 3832 persona
619 3753 731 3813 abiecta
760 3753 839 3813 finali
868 3760 935 3814 set
963 3751 1074 3812 adiecta
1104 3751 1170 3813 bam
1198 3753 1391 3832 prolerimus,
1421 3765 1453 3816 nt
1475 3775 1555 3817 amas

261 3854 411 3928 amabam,
433 3853 523 3916 doces
542 3854 693 3914 docebam.
739 3854 873 3914 similiter
894 3857 926 3914 lit
953 3854 982 3914 ia
1007 3852 1102 3914 verbis
1131 3863 1251 3932 quartae
1283 3855 1498 3934 coniugationis
1524 3857 1588 3921 iuna

261 3976 297 4016 oo
315 3955 531 4029 desinentibus,
554 3962 586 4015 ut
608 3975 642 4015 co
664 3956 690 4016 is
710 3955 796 4016 ibam.
838 3957 868 4016 in
891 3955 954 4016 aliis
979 3955 1115 4016 omnibus
1143 3965 1264 4034 quartae
1292 3945 1506 4036 coniugationis
1527 3965 1555 4018 et

260 4058 363 4118 tertiae
383 4057 495 4137 primae
517 4075 662 4137 personae
676 4075 695 4116 o
710 4055 826 4117 finalem
845 4057 875 4117 in
899 4057 1102 4137 eproduotam
1126 4058 1321 4119 convertimus
1349 4067 1378 4118 ct
1401 4059 1554 4139 adsumpta

219 4213 224 4222 .
260 4159 328 4220 bam
358 4159 480 4220 iacimus
508 4160 696 4238 praeteritum
723 4157 945 4238 imperfectum,
967 4157 1090 4220 utlaeio
1120 4159 1271 4219 faciebam.
1317 4159 1386 4221 licet
1407 4169 1503 4222 atatem
1526 4169 1556 4222 et

260 4261 384 4322 manime
403 4260 499 4339 poetis
522 4279 574 4340 per
597 4277 755 4340 syncopam
783 4259 812 4318 in
836 4269 937 4337 quarta
960 4260 1164 4339 coniugatione
1192 4261 1328 4321 audibam
1355 4271 1385 4322 et
1407 4263 1554 4347 nvunibam

331 4413 392 4462 liu
412 4427 450 4461 em
468 4413 623 4468 terminata,-
659 4413 683 4460 in
702 4412 917 4461 mter-minante*
986 4413 1161 4468 tvelatiuaq
1196 4414 1376 4479 praeludunt)
1447 4416 1478 4465 10
1496 4431 1555 4480 pro·

261 4485 344 4550 prium
364 4490 401 4531 est
420 4482 577 4547 pronominis
597 4481 742 4547 signilleare
759 4492 853 4530 certam
872 4496 1007 4547 personam
1027 4497 1083 4530 rum
1101 4497 1162 4532 casu
1180 4485 1338 4532 coniunctam
1359 4497 1376 4540 ς
1448 4485 1477 4534 ll
1495 4500 1555 4535 cova-

199 4573 202 4576 *
261 4555 372 4603 iunctum
392 4566 460 4602 corr.
479 4552 557 4601 —tiC
635 4551 666 4600 ll}
685 4550 832 4615 prodactam
850 4565 895 4599 our¹
913 4551 940 4600 u.
959 4553 1053 4607 (adds
1124 4553 1149 4600 iu
1169 4559 1227 4602 ante
1245 4569 1274 4601 ea
1293 4569 1338 4604 om.
1359 4554 1387 4610 0,
1406 4555 1504 4610 addc

261 4623 293 4672 17
311 4632 349 4671 est
366 4637 412 4671 ora.
430 4621 461 4681 C,
482 4621 580 4676 adde
650 4621 684 4670 '23
701 4632 862 4675 conuersos
898 4621 1063 4671 sonuerant}
1132 4622 1165 4672 34
1182 4631 1206 4671 et
1225 4623 1323 4671 abiecta
1339 4623 1432 4674 bamG
1466 4632 1491 4672 et
1509 4623 1555 4673 ad·

259 4689 419 4746 ditabeme
