3400 5325
470 1162 475 1169 ’
566 1188 637 1282 ou
688 1186 1072 1283 nocturnive

723 1444 926 1451 ——----—-

231 1558 322 1611 prlt‘ia.
337 1559 361 1599 etl
376 1558 399 1597 l'.
636 1610 638 1614 Ι
1253 1570 1275 1610 p.
1289 1558 1378 1599 360-62
1389 1559 1417 1599 Κ.

264 1646 375 1707 Littera
403 1614 450 1707 osb
472 1654 540 1707 nota
564 1645 715 1717 elementi,
742 1664 816 1724 aynae
839 1664 905 1706 cuni
927 1645 1066 1707 scribitur
1092 1654 1121 1707 et
1139 1646 1169 1705 in
1192 1665 1263 1706 voce
1286 1647 1405 1708 minima
1425 1657 1532 1709 re·ll

179 1756 279 1817 sonat,
309 1747 379 1807 nibil
402 1746 479 1808 aliud
509 1766 596 1824 tynam
621 1754 690 1807 nota
719 1748 755 1807 ad
778 1747 996 1808 informandum
1020 1747 1196 1807 elementum
1219 1766 1286 1809 esse
1313 1750 1468 1828 reperitur.

180 1849 232 1909 sed
258 1868 325 1909 curn
359 1867 392 1908 ex
416 1866 489 1909 sono
516 1849 545 1909 in
580 1866 679 1909 rocem
708 1850 924 1929 prorumpitur,
948 1848 1085 1909 elementi
1107 1847 1281 1908 vocabulum
1301 1845 1306 1931 l
1326 1850 1469 1931 concipit,

155 1949 272 2026 equod,
295 1950 365 2010 dum
380 1950 453 2011 ratio
476 1949 515 2009 ita
534 1966 600 2009 sese
615 1949 734 2021 habent,
759 1950 842 2027 qnasi
858 1948 952 2029 imago
972 1950 1060 2011 huius
1079 1949 1122 2009 rei
1136 1967 1203 2009 esse
1218 1950 1339 2025 ridetur,
1361 1952 1471 2031 quippe

180 2069 245 2111 crim
270 2070 304 2110 ex
325 2060 392 2112 altre
408 2069 550 2131 percusso
572 2052 630 2111 ictu
651 2051 766 2129 linguae
788 2059 918 2124 constat,
942 2051 1020 2111 unde
1040 2070 1094 2110 vox
1115 2050 1267 2112 formatur.
1313 2071 1365 2113 vox
1387 2071 1469 2113 uam·
1489 2067 1506 2113 2

180 2169 236 2229 que
258 2172 366 2231 corpus
388 2170 455 2214 esse
480 2152 653 2213 ostenditur.
698 2171 765 2213 nam
789 2160 818 2211 et
839 2153 864 2213 si
887 2172 996 2232 corpus
1017 2170 1077 2212 non
1103 2160 1198 2225 esset,
1221 2152 1338 2213 auditus
1358 2153 1470 2213 aurium

180 2254 298 2315 minime
315 2254 340 2315 vi
365 2261 576 2334 percuteretur.
622 2254 675 2315 sod
697 2273 763 2314 cum
782 2254 875 2331 tangit
895 2252 1026 2314 auditum
1047 2262 1076 2312 et
1096 2252 1264 2313 reverberat
1285 2254 1471 2329 elementum,

182 2355 325 2434 tripertito
351 2354 503 2431 dividitur,
528 2354 679 2416 altitudine
708 2355 821 2417 scilicet
846 2355 999 2415 latitudine
1020 2354 1210 2433 longitndine.
1255 2354 1345 2415 babet
1362 2355 1472 2435 quippe

146 2456 274 2518 relittera
303 2456 484 2517 altitudinem
512 2456 550 2517 in·
570 2455 821 2536 pronuntiatione,
849 2456 1088 2517 latitudinemin
1118 2454 1237 2535 spiritu,
1260 2456 1472 2534 longitudinem

180 2560 379 2637 intempore,
403 2558 459 2617 boc
487 2564 532 2617 est
554 2569 582 2617 et
604 2558 661 2619 alte
684 2567 712 2617 ct
737 2558 794 2618 late
816 2565 843 2618 et
867 2558 953 2635 longe
975 2558 1101 2619 auditur.
1146 2558 1254 2617 babent
1278 2557 1364 2619 etiam
1386 2556 1504 2636 sylla-3

180 2660 234 2721 bae
254 2680 340 2720 suum
366 2658 558 2734 elementum,
585 2660 662 2738 quod
684 2660 837 2740 productio
866 2657 1002 2720 dicitur·
1026 2658 1077 2720 sed
1097 2658 1174 2719 inter
1197 2658 1374 2720 elementum
1396 2659 1478 2720 litte-·

180 2781 277 2823 rorum
307 2770 337 2822 et
368 2761 542 2839 syllabarum
570 2763 626 2822 lroc
658 2762 766 2822 distare
796 2761 923 2830 ridetur,
951 2761 1028 2838 quod
1052 2760 1195 2820 elementa
1218 2759 1379 2820 litterarum
1404 2770 1474 2820 sunt

180 2865 261 2944 ipsae
281 2864 548 2943 pronuntiationes,
571 2863 745 2941 syllabarum
766 2863 848 2942 ipsae
871 2862 1090 2941 productiones.
1136 2861 1205 2939 quid
1229 2870 1275 2921 est
1296 2863 1373 2921 enim
1394 2862 1473 2922 aliud

147 2965 357 3026 taelementum
386 2983 471 3042 symm
492 2985 561 3044 pars
586 2965 704 3024 minima
728 2965 853 3043 partium
870 2960 883 3047 ΙΙ
899 2963 977 3024 rocis
998 2961 1189 3023 articulatae?
1210 2962 1282 3023 illud
1303 2982 1371 3023 vero
1394 2964 1471 3040 quod

179 3073 312 3128 remanet
340 3075 408 3127 nota
436 3066 480 3126 rel
506 3067 596 3144 ligura
617 3066 621 3148 Ι
642 3065 778 3126 elementi
805 3074 859 3125 est.
905 3064 991 3124 distat
1015 3071 1112 3124 autem
1132 3063 1204 3124 illud
1229 3065 1307 3124 inter
1328 3065 1472 3125 elementa

180 3176 208 3229 et
235 3168 360 3242 litteras,
388 3168 465 3245 quod
494 3165 637 3228 elementa
665 3167 782 3246 proprie
810 3167 891 3245 ipsae
920 3165 1174 3244 pronuntiationes
1201 3167 1356 3238 dicuntur,
1384 3175 1471 3226 notae

180 3278 276 3330 antem
300 3287 400 3329 eornm
421 3267 545 3330 litterae.
585 3268 636 3330 sed
659 3268 776 3328 abusive
800 3266 942 3328 elementa
958 3286 1012 3345 pro
1035 3265 1138 3328 litteris
1161 3278 1190 3328 et
1211 3268 1324 3328 litterae
1339 3286 1392 3346 pru
1411 3266 1506 3328 ele-4

180 3371 286 3432 meotis
309 3378 457 3430 rorantur.
503 3389 569 3431 narn
600 3371 676 3431 aliud
700 3378 744 3432 est
767 3370 863 3430 littera
885 3388 960 3447 quae
983 3367 1109 3443 ridetur,
1136 3370 1213 3431 alind
1234 3369 1311 3448 quod
1333 3388 1386 3449 per
1407 3389 1471 3431 eam

145 3472 335 3550 recolligitur.
382 3473 515 3533 ridentur
536 3490 662 3550 namque
685 3472 798 3533 litterae
822 3479 872 3531 aut
890 3470 994 3548 longae
1014 3489 1080 3531 esse
1099 3480 1149 3532 aut
1170 3472 1314 3532 rotundae
1334 3479 1385 3533 aut
1400 3490 1472 3549 qna-

180 3575 288 3634 drnlae.
334 3572 479 3652 colligitur
500 3592 625 3652 namque
651 3592 704 3653 per
726 3591 775 3634 eas
799 3565 846 3634 re's
875 3580 957 3650 gesta
982 3570 1124 3640 alicuius,
1147 3573 1217 3634 dum
1242 3574 1420 3652 colliguntur
1440 3574 1470 3633 in
1568 3637 1571 3640 ,

180 3675 313 3755 syllabis,
329 3675 365 3734 de
387 3675 503 3754 syllabis
520 3677 548 3736 in
572 3673 720 3754 partibus,
743 3675 780 3735 de
803 3673 935 3753 partibus
958 3674 987 3733 in
1010 3673 1200 3735 orationibus.
1236 3675 1289 3734 sed
1311 3694 1366 3734 uos
1389 3675 1471 3736 leco-

181 3778 237 3838 turi
260 3777 296 3837 de
317 3776 449 3856 partibus
469 3777 505 3838 ad
528 3785 697 3848 accentum,
723 3776 772 3853 qui
794 3775 823 3835 in
847 3775 1025 3836 dictionibus
1049 3777 1234 3836 necessarius
1255 3785 1315 3845 est,
1339 3785 1471 3837 transea-

180 3897 256 3940 mus.
281 3877 378 3957 [cuius
401 3879 571 3957 mysterium
594 3878 753 3956 praebente
776 3878 831 3938 deo
853 3877 942 3938 vitain
964 3876 1051 3937 latius
1074 3876 1259 3956 tractemus]

144 3995 171 4037 2⁵
265 3983 410 4041 docentus
426 3998 551 4057 natuque
567 3987 613 4040 est
631 3987 710 4040 certa
726 3980 770 4038 lex
792 3989 819 4038 et
839 3978 938 4056 regula
959 3978 995 4038 ad
1017 3978 1184 4038 elevandam
1200 3988 1228 4038 et
1249 3978 1469 4056 deprimendam
1489 3991 1516 4042 ll
1538 3994 1555 4043 a

181 4081 319 4162 syllabam
336 4082 566 4159 uniuscuiusque
577 4080 737 4161 particulae
755 4080 904 4152 orationis,
918 4080 968 4158 qui
982 4082 1015 4140 fit
1030 4080 1065 4140 ad
1078 4080 1296 4141 similitudinem
1313 4080 1471 4140 elemento-

180 4203 256 4258 rum,
279 4183 440 4243 litterarum
456 4182 698 4262 syllabarumque,
716 4181 765 4259 qui
780 4181 1031 4260 etiam‘tripertito
1044 4177 1195 4257 dividitur,
1214 4190 1301 4242 acuto
1317 4181 1397 4260 gravi
1415 4182 1472 4242 cir-

250 4383 375 4420 rnrscnrt
400 4383 559 4420 cnannnrrcr
586 4383 617 4418 oe
638 4382 791 4419 nccenrrens
814 4383 890 4417 arnan
906 4381 1000 4418 rrcirrr
1018 4366 1050 4415 H
1115 4366 1182 4418 ded
1201 4366 1402 4418 formandumG

143 4495 144 4500 η
183 4441 313 4505 experitur
330 4439 383 4488 GH
402 4439 591 4502 comperiunt,¹
660 4437 765 4500 bquod
783 4453 840 4486 cnm
861 4450 878 4492 ς
948 4438 963 4486 7
983 4451 1040 4485 nam
1058 4437 1117 4492 st«,-
1187 4438 1271 4488 8niin
1292 4439 1395 4487 minime
1412 4453 1471 4503 per-

183 4519 279 4559 cuteret
297 4508 326 4557 H
336 4507 395 4557 iude
414 4507 516 4556 mininie
531 4514 675 4572 percuteret
693 4507 778 4557 codem
798 4507 976 4571 Gronr'npanue
1030 4505 1058 4554 ll
1077 4515 1121 4555 eut
1136 4506 1187 4557 alte
1205 4518 1248 4556 aut
1267 4507 1317 4556 lete
1335 4515 1378 4556 mn
1396 4507 1472 4572 longe

184 4579 234 4630 GH
305 4577 336 4628 ltt
362 4579 427 4627 iuter
448 4576 598 4625 elementum
618 4575 668 4626 GH
740 4578 770 4626 lt
795 4576 863 4639 quod
886 4576 1038 4625 elementum
1061 4575 1112 4625 611
1180 4578 1214 4626 24
1239 4579 1360 4625 cuius-
1382 4586 1473 4626 trecte-

183 4663 239 4696 mus
258 4647 342 4697 om.G
411 4645 595 4696 tractabimus.
610 4645 717 4696 dicimus
733 4646 811 4711 igitur
829 4645 873 4707 qui
887 4645 921 4694 sit
939 4653 1058 4694 accentus
1078 4645 1161 4696 cedere
1177 4647 1311 4696 Leideneir
1328 4645 1385 4696 titt.
1402 4645 1472 4708 publ.

165 4715 247 4767 *1862
267 4717 381 4765 dicamus
400 4715 460 4778 quid
480 4715 512 4766 sit
531 4722 649 4765 accentus
664 4715 725 4766 add.
742 4729 828 4764 uranus
844 4717 972 4764 recentior
986 4715 1013 4764 in
1032 4713 1061 4762 Η
