3400 5325
440 174 689 237 Paat'ttttJNEs
712 174 765 235 Xll
789 173 895 234 vultu.
920 171 1002 233 AEN.
1028 171 1047 232 l.
1073 176 1182 237 te-ac
1315 192 1318 198 ·
1395 170 1458 231 465

212 290 371 345 promeae.
1251 284 1405 339 peccora

160 380 317 435 uumerus,
347 362 455 440 figura,
484 381 572 423 casus
597 361 658 423 sive
686 359 850 421 declinatio.
896 377 963 422 nam
992 358 1175 437 comparatio.
1198 376 1256 417 non
1285 356 1360 416 bene
1382 356 1459 416 inter

160 463 320 525 accidentia
344 471 442 542 potest
464 463 549 542 poni,
573 462 641 540 quia
663 468 787 523 nonest
807 459 944 539 gerverale
966 458 1104 519 accidens
1125 476 1181 518 nec
1202 458 1230 518 in
1253 458 1390 519 omuibus
1412 459 1456 517 iu-

160 564 274 625 venitur
292 564 420 624 nominis
434 563 606 643 speciebus,
629 565 708 625 sicut
723 582 811 643 supra
826 561 902 621 dicta
926 561 1064 638 quinque.
1099 567 1218 619 nonest
1241 560 1318 620 enim
1340 560 1455 638 specics

160 665 303 737 nominis,
325 665 355 724 in
377 682 434 742 qua
458 684 518 727 non
541 665 671 725 invenias
695 673 724 725 et
744 663 912 741 qualitatem
939 670 967 721 ct
989 679 1083 739 genus
1105 669 1132 721 et
1156 680 1310 735 ntuuerum
1334 669 1363 722 et
1382 664 1455 741 lager-

137 784 230 851 aram·
254 775 284 826 et
312 785 422 827 casnm.
467 766 647 845 comparatio
673 773 771 825 autem
794 764 849 825 nisi
878 764 906 823 in
929 762 1078 823 adiectivis
1112 781 1170 822 uon
1200 762 1354 823 invenitur.
1400 764 1453 823 llic
1471 775 1503 825 ‘23

159 868 262 946 igitur,
292 868 335 927 vir
360 866 444 927 cuius
472 876 518 926 est
541 864 673 946 speciei?
715 863 880 926 Primitivac
908 861 1022 943 [potest
1045 871 1142 923 tamen
1171 873 1200 923 et
1225 864 1342 925 avireo
1366 866 1455 925 verbo

158 988 225 1029 esse
247 966 433 1047 derivatum],
463 976 492 1026 et
514 976 560 1028 est
581 966 784 1046 appellativum
814 976 843 1027 et
871 965 1015 1043 significat
1037 983 1145 1043 corpus
1168 964 1302 1027 animale.
1348 964 1455 1050 (jullius

159 1079 205 1130 est
224 1067 364 1148 generis?
397 1068 558 1129 blasculini.
604 1068 684 1129 Vnde
710 1068 767 1128 boc
795 1084 955 1147 possumus
982 1063 1079 1126 scire?
1113 1065 1184 1125 Tam
1207 1064 1243 1125 ab
1265 1068 1329 1147 ipsa
1352 1054 1453 1129 natu'ra

159 1172 222 1232 eius
244 1170 322 1248 quod
349 1170 507 1247 significat,
530 1189 616 1247 optram
639 1190 655 1230 a
679 1169 883 1230 terminatione
906 1176 934 1227 ct
957 1166 1160 1228 declinatione.
1206 1168 1302 1228 omnia
1324 1169 1401 1229 enim
1425 1170 1454 1229 iu

125 1288 149 1327 ¹⁰
160 1272 186 1333 ir
207 1272 383 1343 desinentia,
407 1289 482 1349 (perae
502 1272 620 1350 propria
643 1278 712 1331 suut
731 1270 898 1343 bominum,
918 1268 1079 1328 masculina
1099 1276 1167 1328 sutvl
1189 1278 1218 1329 et
1240 1270 1387 1330 secundae
1405 1270 1455 1331 de-

158 1373 341 1445 clinationis,
372 1381 404 1432 ut
425 1373 468 1432 vir
490 1372 559 1445 viri,
589 1372 660 1432 levir
684 1371 781 1446 leviri,
808 1372 910 1431 Treuir
935 1369 1045 1430 Treviri
1074 1378 1102 1429 et
1124 1370 1238 1431 similia.
1284 1371 1343 1432 Cur
1364 1391 1417 1451 por
1438 1394 1455 1432 v

158 1472 317 1535 scribitur?
359 1472 433 1543 Quia
461 1474 557 1533 omnia
587 1472 703 1543 nomina
730 1472 796 1533 avi
829 1472 939 1551 syllaba
965 1470 1133 1549 incipientia
1162 1490 1215 1551 por
1242 1490 1258 1530 v
1287 1472 1456 1535 scribuntur

158 1577 288 1655 exceptis
310 1574 453 1635 bitumine
473 1584 503 1635 et
522 1574 587 1648 bili,
609 1574 726 1652 quando
745 1574 783 1634 lel
806 1574 964 1651 significat,
988 1581 1017 1632 et
1039 1572 1095 1634 illis
1118 1591 1230 1649 quaeve
1252 1572 1297 1633 bis
1316 1574 1455 1636 atlrerbio
1532 1562 1534 1570 ¹
1557 1614 1561 1621 ·

158 1685 390 1757 componuntur,
418 1684 450 1735 ut
475 1676 578 1755 biceps
604 1675 740 1755 bipatens
769 1674 886 1735 bivium.
932 1674 991 1735 Cur
1019 1691 1123 1734 sonum
1151 1674 1263 1735 videtur
1291 1674 1399 1735 babere
1422 1676 1505 1741 inser

126 1780 214 1839 rabac
236 1778 364 1838 dictione
386 1777 396 1836 i
419 1775 527 1837 vocalis
555 1799 573 1834 o
593 1777 708 1837 litterae
731 1774 880 1837 Graecae?
917 1775 991 1845 Quia
1015 1775 1110 1836 omnis
1137 1775 1224 1836 dictio
1252 1794 1268 1837 a
1296 1776 1321 1835 vi
1345 1775 1454 1855 syllaba

158 1880 236 1940 brevi
259 1878 404 1957 incipiens
425 1878 444 1937 d
466 1878 542 1939 velt
565 1878 609 1937 vel
630 1897 660 1937 m
682 1878 725 1936 vel
749 1896 764 1936 r
785 1876 829 1937 vel
851 1896 869 1935 s
894 1876 1085 1954 sequentibus
1107 1878 1163 1939 hoc
1188 1897 1266 1937 sono
1285 1880 1455 1957 pronuntia·
1501 1908 1507 1915 ·

158 1989 218 2053 tur,
239 1989 271 2041 ut
292 1980 376 2041 video
395 1978 528 2039 videbam
550 1979 668 2041 videbo:
692 1978 758 2056 quia
780 1979 810 2037 in
832 1978 879 2037 bis
895 1978 1077 2057 temporibus
1094 1978 1120 2037 vi
1142 1978 1310 2057 corripitur,
1334 1980 1456 2041 mutavit

157 2101 263 2142 sonum
283 2081 313 2141 in
334 2101 370 2156 o;
400 2082 429 2140 in
460 2081 617 2161 praeterito
639 2086 735 2141 autem
755 2081 886 2157 perlecto
909 2087 937 2139 el
960 2080 989 2140 iu
1015 2079 1078 2139 aliis
1101 2080 1129 2139 in
1154 2079 1261 2158 quibus
1283 2081 1456 2161 producitur

156 2182 317 2244 naturalem
336 2184 461 2244 servavit
482 2200 605 2256 sonum,
629 2192 662 2243 ut
677 2182 733 2242 vidi
753 2181 879 2241 videram
896 2180 1031 2241 vidissem
1054 2180 1161 2241 videro.
1199 2180 1333 2242 similiter
1354 2182 1454 2243 vitium

120 2293 251 2347 oomotat
273 2303 396 2357 sonum,
421 2281 425 2367 Ι
452 2284 520 2362 quia
551 2284 723 2363 corripitur3
752 2282 808 2342 vita
835 2290 932 2343 autem
959 2301 1018 2343 non
1047 2290 1154 2355 mutat,
1182 2282 1249 2360 quia
1273 2283 1453 2361 producitur.

157 2386 289 2447 sinriliter
309 2387 364 2445 vim
383 2392 491 2461 mutat,
511 2386 579 2462 quia
601 2384 772 2465 corripitnr;
792 2384 888 2444 vimen
909 2390 1005 2444 autem
1025 2402 1085 2443 non
1100 2391 1209 2457 mutat,
1228 2384 1296 2462 quia
1318 2386 1455 2463 produci-

156 2497 212 2549 tur.
257 2488 391 2549 similiter
413 2487 456 2547 vir
477 2495 507 2545 et
527 2486 607 2564 virgo
629 2492 757 2560 mittant,
781 2484 848 2564 quia
871 2484 1084 2563 corripiuntur;
1106 2484 1185 2545 virus
1206 2494 1303 2546 autern
1325 2495 1355 2545 et
1376 2486 1452 2547 vires
1471 2499 1504 2547 25

156 2608 216 2649 non
235 2597 362 2661 avolant,
386 2588 452 2668 quia
469 2588 679 2668 producuntur.
716 2586 761 2647 vix
782 2593 891 2659 mutat,
914 2586 980 2664 quia
1002 2584 1173 2666 corripitur;
1196 2586 1250 2646 vixi
1270 2606 1329 2647 non
1351 2594 1453 2661 mutat,

156 2691 223 2770 quia
245 2690 424 2770 producitur.
462 2691 520 2750 hoc
534 2690 612 2750 idem
630 2688 762 2769 plerique
791 2687 889 2749 solent
905 2688 991 2748 etiam
1014 2689 1043 2748 in
1066 2688 1123 2749 illis
1146 2688 1323 2750 dictionibus
1345 2691 1453 2764 lacere,

120 2793 187 2856 asin
210 2792 316 2870 quibus
340 2812 356 2852 a
378 2793 396 2852 li
419 2791 498 2852 brevi
521 2791 666 2870 incipiunt
687 2789 815 2868 syllabae
837 2788 1028 2866 sequentibus
1052 2807 1139 2868 supra
1160 2788 1245 2850 dictis
1266 2791 1454 2851 consonanti·

155 2895 220 2968 lius,
244 2901 276 2954 ut
296 2894 370 2954 fides
393 2892 522 2972 pertidus
548 2894 689 2952 confiteor
715 2891 833 2950 inllmus
861 2892 971 2950 domuc.
1017 2897 1086 2951 sunt
1108 2899 1205 2950 autem
1229 2890 1277 2967 qui
1299 2910 1358 2953 non
1380 2891 1454 2952 adeo

156 2997 213 3056 boc
238 2995 409 3066 observant,
437 3012 504 3054 cum
529 2992 576 3063 de
592 2992 617 3053 vi
649 3011 736 3052 nemo
760 2992 821 3052 lere
849 2989 972 3052 tlttbitat.
1018 2991 1109 3064 Cutius
1136 2998 1181 3050 est
1203 2991 1317 3051 numeri
1340 2990 1454 3052 virum‘l

156 3094 329 3173 Singularis.
373 3095 426 3155 llic
455 3094 605 3174 pluralem.
650 3094 717 3154 l'iri.
763 3093 855 3154 Cuius
888 3090 1017 3170 figurae?
1061 3091 1218 3172 Simplicis.
1264 3092 1321 3152 Fac
1353 3092 1454 3153 abeo

155 3197 360 3276 compositum.
406 3196 529 3257 Semivir
545 3193 680 3256 duumvir
701 3194 833 3254 triumvir
855 3193 1028 3272 quinquevir
1047 3193 1206 3273 septemvir
1221 3171 1367 3254 decerbvir
1384 3213 1455 3254 cen-

118 3299 266 3361 ootunrvir
291 3297 363 3357 levir
390 3297 494 3377 [irater
521 3295 648 3376 mariti]:
681 3295 810 3356 Virbium
841 3313 959 3373 quoquo
985 3295 1077 3356 virum
1105 3295 1151 3356 bis
1180 3295 1288 3356 dictum
1318 3295 1452 3356 tradunt:

155 3400 329 3478 viripotens,
352 3399 451 3478 virago
474 3406 504 3458 ct
518 3399 618 3476 virgo,
643 3396 822 3470 virillustris,
844 3397 1025 3468 virdevotus,
1049 3396 1274 3474 virmagniliom,
1293 3397 1453 3476 virspecta-

154 3500 237 3574 bilis,
267 3518 343 3578 quae
370 3500 467 3562 omnia
495 3500 561 3561 ideo
588 3494 750 3578 composita
772 3498 951 3577 accipimus,
979 3497 1047 3576 quia
1073 3497 1127 3557 sub
1150 3517 1209 3558 uno
1237 3507 1359 3560 accentu
1384 3519 1453 3579 pro-

155 3602 335 3664 nuntiantur.
381 3602 471 3662 Cuius
503 3609 548 3662 cst
582 3619 669 3662 casus
703 3598 816 3660 virum?
855 3598 1018 3660 decusativi
1051 3599 1218 3676 singularis.
1263 3599 1322 3660 Fac
1350 3599 1387 3660 ab
1416 3619 1451 3660 eo
1468 3611 1502 3661 ‘ab

155 3703 352 3763 derivativum.
397 3703 451 3762 llic
474 3710 503 3761 et
522 3698 536 3784 ΙΙ
557 3702 630 3781 baec
657 3701 746 3761 virilis
768 3711 797 3761 et
819 3702 876 3761 lroc
896 3699 976 3762 virile
996 3710 1024 3760 et
1048 3700 1176 3761 virilitas.
1222 3701 1357 3762 virtutem
1379 3719 1452 3779 quo-

119 3822 215 3882 asque
242 3804 311 3865 hinc
332 3804 449 3882 quidam
478 3803 601 3863 derivari
630 3802 739 3864 volunt.
784 3803 842 3862 Fac
869 3800 1046 3861 adverbium.
1091 3801 1217 3876 Viritim,
1248 3802 1325 3880 quod
1349 3802 1453 3863 Graeci

153 3896 305 3982 ἀνδρακάς
328 3905 442 3979 dicunt,
466 3904 493 3964 id
517 3911 561 3964 est
584 3923 637 3983 per
659 3903 791 3981 singulos
814 3904 901 3964 viros.

241 4007 316 4077 Que
355 4025 430 4085 quae
461 4025 530 4085 pars
565 4005 705 4067 orationis
735 4003 801 4065 est‘l
846 4004 1029 4065 Coniunctio.
1076 4005 1151 4075 Quid
1184 4012 1230 4066 est
1264 4003 1452 4065 coniunctio?

155 4109 226 4169 Pars
250 4109 391 4169 orationis
416 4117 574 4168 conectens
598 4107 796 4185 ordinansque
830 4106 1013 4166 sententiam.
1060 4107 1138 4176 erot
1166 4105 1302 4166 accidunt
1331 4106 1453 4166 cordun-

154 4207 263 4270 ctioni?
286 4210 368 4284 Tria,
391 4209 610 4290 potestas-ordo
626 4210 728 4286 sigum.
763 4207 852 4268 Cuius
876 4216 921 4267 est
941 4205 1117 4286 potcstatis?
1140 4205 1336 4286 copulativae.
1362 4203 1460 4266 Cuius

223 4447 240 4496 b
264 4456 347 4496 nutem
367 4455 394 4496 ut
412 4447 507 4497 dictum
526 4455 564 4494 est
580 4446 629 4494 uisi
647 4461 661 4495 r
682 4452 707 4494 et
720 4459 801 4506 cupra
818 4442 839 4492 S
920 4442 936 4492 ll
956 4451 1037 4508 potest
1058 4467 1087 4476 -
1110 4443 1124 4490 7
1144 4441 1381 4491 doctiorumque

156 4517 188 4569 18
205 4518 319 4567 contami
336 4519 362 4566 in
381 4515 431 4564 ΤΒ
483 4516 514 4564 'll
535 4514 619 4563 uimcn
634 4522 718 4562 atatem
737 4514 886 4579 producitur
905 4513 1013 4576 ideoque
1031 4526 1080 4560 nou
1098 4519 1177 4559 mutat
1196 4512 1217 4560 0
1278 4511 1312 4562 26
1330 4511 1451 4561 coulltcor

153 4585 379 4706 {lrrargplsnlpllrmos
399 4585 502 4636 suutG
570 4583 605 4634 30
632 4583 748 4632 Virbium
767 4581 923 4632 —truduut
946 4580 1033 4631 oru.S
1064 4581 1166 4628 uerbum
1189 4595 1290 4644 quoque
1310 4582 1393 4629 uirum
1412 4581 1452 4630 bis

197 4741 404 4784 canusso-ror
427 4740 548 4794 cantur,
564 4740 614 4781 ιιι.
1078 4741 1081 4749 ·
1207 4715 1248 4776 30
