3400 5325
398 1111 410 1133 υ
457 974 522 1069 nh
554 974 741 1071 ltltrttts
772 974 1078 1071 Fahvmttvlt
1110 975 1356 1072 ructum.

817 1198 995 1208 nn—-a

215 1329 219 1337 ·
308 1324 330 1365 p.
341 1312 398 1352 rate.
410 1311 435 1351 2⁰
444 1312 467 1351 Ρ,
1364 1326 1385 1366 p.
1397 1314 1441 1354 403.
1452 1312 1464 1353 l
1476 1312 1503 1355 K.

195 1406 241 1459 11
346 1401 419 1461 Cum
451 1418 510 1461 non
539 1398 635 1461 solunt
660 1398 813 1461 Terentius
842 1400 894 1460 sed
928 1400 1014 1461 etiam
1042 1400 1162 1463 Plautus
1191 1409 1220 1461 et
1249 1400 1361 1463 Ennius
1390 1401 1556 1478 Acciusque

258 1510 288 1561 at
309 1501 435 1561 Naevius
464 1510 551 1579 atque
579 1501 722 1561 Pacuvius
749 1500 957 1579 Turpiliusque
989 1512 1018 1564 et
1047 1522 1150 1563 omnes
1177 1512 1236 1563 tarn
1269 1502 1437 1562 comoediae
1464 1520 1553 1579 quam

257 1603 423 1687 tragoediae
448 1603 553 1663 ceteris
573 1602 693 1662 Latinae
715 1602 875 1680 scriptores
905 1604 1007 1667 eodem
1031 1604 1115 1665 metri
1141 1604 1227 1665 modo
1254 1604 1368 1664 iambici
1397 1612 1466 1666 sunt
1497 1603 1554 1675 usi,

258 1714 290 1765 ut
312 1705 448 1765 omnihus
470 1704 500 1763 in
523 1704 596 1764 locis
617 1704 818 1764 indifferenter
839 1712 984 1782 ponerent
1005 1706 1133 1783 quinque
1163 1707 1268 1785 pedes,
1297 1705 1327 1765 id
1356 1713 1401 1765 est
1423 1704 1579 1765 iambums

257 1806 301 1865 rel
321 1805 503 1865 tribrachum
525 1802 569 1863 rel
584 1813 776 1884 anapaestum
793 1804 836 1863 rel
851 1804 995 1883 dactylum
1013 1806 1055 1866 rel
1072 1807 1252 1885 spondeum,
1276 1806 1387 1883 absque
1402 1816 1554 1885 postremo

256 1905 338 1981 loco,
365 1906 395 1965 in
418 1924 475 1983 qno
498 1904 542 1965 vel
568 1906 695 1967 iamlmm
718 1905 763 1965 rel
785 1905 962 1985 pyrrichium
985 1908 1153 1969 omnimodo
1182 1908 1319 1987 posuisse
1349 1908 1553 1979 invenientem

256 2008 347 2069 miror
369 2008 512 2084 quosdam
535 2006 579 2066 rel
603 2006 749 2084 abnegare
769 2027 836 2067 esse
859 2008 888 2067 in
907 2008 1034 2069 Terentii
1054 2009 1214 2071 comoediis
1234 2017 1325 2071 metra
1348 2009 1392 2068 rel
1414 2028 1447 2069 ea
1469 2008 1553 2085 qnasi

256 2127 362 2168 arcana
383 2108 527 2185 quaedam
550 2116 579 2167 et
600 2108 637 2167 ab
661 2108 796 2169 omnihus
819 2109 914 2171 doctis
941 2119 1052 2171 semota
1075 2110 1130 2171 sibi
1161 2110 1232 2171 solis
1253 2129 1319 2171 csse
1343 2110 1458 2188 cognita
1483 2128 1555 2168 con-

256 2211 382 2269 firmare,
427 2228 553 2287 qnorum
573 2217 606 2269 ut
625 2209 669 2269 rel
689 2210 851 2289 imperitiae
873 2211 917 2271 rel
939 2213 1120 2289 arrogantiae
1139 2211 1240 2271 vitium
1266 2210 1456 2287 effugiamus,
1486 2210 1587 2269 bre-ro

256 2310 329 2371 riter
351 2311 388 2370 de
410 2329 498 2388 snpra
522 2311 666 2371 dictorum
689 2311 791 2371 metris
806 2321 958 2372 auctorum
974 2332 1169 2391 exponamus,
1195 2312 1369 2373 testimoniis
1387 2312 1473 2371 etiam
1493 2330 1555 2371 nae·

257 2412 399 2473 tricomm
417 2418 587 2489 'usuumqne
608 2412 869 2491 approbationibus
893 2422 1017 2473 utentes.

224 2514 241 2562 ²
342 2512 501 2573 Sciendum
523 2514 626 2590 igitur,
646 2511 652 2593 Ι
671 2514 749 2591 quod
773 2512 888 2573 iambici
914 2534 1013 2575 versus
1037 2515 1080 2574 rel
1098 2516 1273 2576 nionometri
1294 2523 1363 2575 sunt
1382 2533 1416 2575 ex
1438 2514 1554 2575 duobus

258 2612 382 2694 pedihus
404 2613 587 2694 simplicibus
606 2615 771 2676 coniunctis
794 2614 837 2674 rel
867 2614 983 2676 dimetri
1012 2612 1047 2676 ei
1067 2620 1204 2694 quattuor
1227 2615 1270 2676 rel
1296 2616 1417 2677 trimetri
1441 2635 1475 2676 ex
1502 2634 1553 2677 sen

257 2717 302 2777 vel
323 2717 539 2778 tetrametri·er
558 2724 641 2776 octo:
667 2735 734 2778 narn
758 2717 932 2796 pentametri
956 2727 984 2776 et
1003 2718 1161 2778 hexametri
1184 2718 1332 2780 rarissime
1355 2717 1552 2778 inveniuntur.
1568 2739 1589 2775 is

257 2837 327 2897 ergo
344 2817 490 2878 ‘trimetris
513 2826 542 2877 et
562 2817 740 2882 tetrametris
763 2820 932 2896 lreqnenter
960 2827 1081 2880 nturrtnr
1101 2820 1221 2890 comici,
1252 2819 1317 2880 aliis
1346 2839 1412 2880 reru
1438 2838 1505 2880 raro
1525 2827 1555 2878 et

257 2923 288 2980 in
311 2921 407 2981 medio
427 2919 570 2998 dispersis
595 2915 860 3001 prollnuntiationis
886 2919 1044 2998 rythmicae
1071 2939 1158 2981 causa
1185 2930 1214 2981 et
1241 2920 1445 2981 distinctionis.
1488 2921 1553 2980 ideo

257 3029 355 3083 autem
378 3021 543 3101 spondeum
566 3022 609 3082 vel
635 3021 781 3101 dactylum
804 3021 834 3080 in
857 3020 987 3082 secundo
1011 3021 1054 3080 rel
1074 3030 1178 3099 quarto
1196 3021 1262 3082 loco
1281 3031 1452 3102 posuemnt,
1474 3021 1552 3100 quod

257 3124 432 3183 invenerunt
453 3124 540 3184 etiarn
563 3123 640 3203 apud
663 3123 792 3205 Graecos
813 3121 943 3182 comicos
966 3122 1197 3196 uetustissimos,
1221 3123 1353 3200 quamvis
1375 3141 1459 3196 raro,
1489 3121 1553 3182 heri

257 3231 355 3284 tamen
374 3223 430 3284 hoc
452 3224 539 3285 idem.
577 3232 609 3286 ut
627 3223 723 3284 solent
742 3231 839 3284 autern
857 3221 951 3283 Latini
973 3224 1002 3283 in
1023 3223 1122 3284 miultis
1142 3223 1255 3284 initium
1275 3223 1382 3302 aliquid
1406 3223 1587 3302 accipian-ao

257 3332 303 3384 tes
325 3344 341 3384 a
367 3325 486 3386 Graecis
508 3325 544 3384 ab
567 3333 692 3404 angusto
712 3325 744 3384 in
763 3325 888 3384 ellusurn
911 3323 1045 3384 licentiae
1074 3325 1200 3404 spatium
1229 3325 1285 3386 hoc
1307 3325 1444 3399 dilatare,
1481 3343 1553 3403 quo-

256 3426 345 3488 modo
368 3427 500 3486 lecerunt
520 3427 550 3486 in
573 3434 655 3488 sento
683 3445 754 3487 casu
777 3425 939 3486 secundnm
969 3425 1182 3487 vetristissimos
1203 3427 1381 3487 Graecorum
1408 3444 1554 3504 gramma·

257 3527 501 3588 ticos-sextum
523 3529 599 3588 enim
624 3547 726 3589 casnm
749 3527 790 3588 illi
813 3526 950 3588 dicebant
968 3524 1075 3604 ἐμέθεν
1097 3525 1187 3587 σέθεν
1208 3524 1296 3597 ἕθεν,
1325 3527 1354 3588 id
1379 3535 1425 3588 est
1453 3547 1469 3588 a
1495 3545 1552 3598 me,

256 3650 272 3689 a
296 3638 339 3702 te,
362 3649 379 3689 a
405 3647 453 3701 se,
477 3647 562 3706 quern
586 3630 615 3689 in
638 3629 776 3690 omnihus
795 3628 961 3689 casualibus
985 3637 1172 3689 serraverunt
1195 3628 1299 3689 Latini.
1344 3627 1478 3688 similiter
1499 3628 1553 3688 im-

257 3729 459 3809 personaliaa
489 3731 592 3810 paucis
614 3730 734 3790 Graecis
757 3737 895 3809 accepta,
924 3729 953 3790 id
977 3741 1022 3790 est
1050 3719 1184 3788 ἀπὸτοῦ
1207 3727 1266 3818 det,
1294 3721 1364 3806 χρή,
1393 3727 1490 3806 μέλει,
1522 3729 1587 3790 inas

223 3832 393 3893 Somnibus
424 3832 485 3891 lere
512 3832 612 3893 activis
640 3839 670 3890 et
695 3831 807 3892 neutris
838 3831 955 3892 hahent.
1001 3848 1154 3909 squeque
1183 3850 1249 3892 cum
1275 3829 1424 3892 rarissime
1450 3849 1553 3891 neces-

258 3934 343 3993 sitate
372 3931 500 3993 nominis
528 3931 805 3996 vimconsonantis
833 3931 939 3993 amittit
967 3932 1045 4012 apud
1076 3933 1219 4005 Graecos,
1250 3939 1283 3992 ut
1312 3931 1492 3994 Homerus
1521 3931 1550 3990 in

258 4034 412 4096 Boeotia

832 4109 1127 4194 πολυστάφυλόν
1149 4108 1180 4176 θ’
1200 4107 1399 4196 Ἱστιαίαν,

327 4325 461 4372 2etaute
481 4321 577 4370 Ennius
595 4336 640 4370 ore.
660 4320 708 4370 uA
779 4321 932 4383 aecninsque
953 4321 982 4368 V
1048 4322 1181 4370 direteres
1197 4320 1249 4371 AB
1331 4321 1551 4384 terrendamque

257 4391 463 4456 aprohationibus
480 4391 505 4440 B
586 4392 617 4440 lll
634 4391 781 4451 frequenter
797 4391 846 4445 135
868 4390 1027 4453 frequentius
1047 4391 1123 4439 lll⁷A
1195 4405 1251 4440 raro
1273 4391 1362 4442 omn
1442 4392 1472 4441 ll
1491 4406 1549 4456 pro-

257 4461 424 4510 nuntiationis
440 4461 486 4516 Βς
503 4460 751 4525 pronum‘mtionihus
771 4460 848 4509 llVA
932 4459 1114 4520 distinctionih3
1133 4475 1202 4509 corr.
1224 4461 1292 4510 -nis
1309 4460 1334 4510 B
1416 4460 1447 4510 18
1466 4462 1491 4508 in
1509 4475 1550 4509 se-

256 4530 338 4580 eundo
360 4531 397 4579 rel
416 4547 462 4582 oar.
482 4531 658 4592 ursnado.
679 4530 730 4584 ns
749 4537 774 4578 et
789 4531 872 4578 codex
892 4528 1024 4580 Leideaer'e
1047 4531 1122 4580 Voea.
1143 4529 1213 4580 344
1285 4529 1319 4578 20
1337 4530 1439 4592 aliquod
1457 4529 1483 4578 B

256 4601 289 4649 23
309 4595 378 4649 ἕθεν
395 4599 432 4649 bie
450 4603 567 4661 scriptam
584 4607 623 4648 eat
643 4601 669 4646 ia
692 4599 742 4647 VB
830 4601 863 4648 2-1
884 4595 970 4662 quem]
988 4599 1044 4660 ql.
1066 4615 1088 4649 e.
1111 4613 1174 4661 quae
1194 4599 1216 4648 Il
1295 4597 1329 4648 ⁸26
1349 4597 1442 4648 hahent
1464 4613 1509 4648 on.
1526 4597 1552 4647 B

311 4669 344 4717 27
363 4666 485 4732 nominis]
507 4669 627 4717 carminis
644 4667 688 4723 Be
741 4667 768 4715 iu
782 4667 898 4732 Boeotia]
913 4669 939 4717 in
953 4669 1011 4717 exin
1023 4667 1071 4717 B:
1091 4667 1123 4719 Il.
1135 4667 1161 4716 B
1176 4667 1227 4718 537
1284 4667 1317 4718 29
1336 4657 1377 4730 θ’]
1396 4683 1427 4718 τι
1445 4667 1551 4718 RVAB
