3400 5325
251 203 312 266 444
809 209 994 273 l‘lllSClANl

251 321 423 471 ,ullibi
436 319 480 452 lo
500 392 549 453 arc
571 393 755 472 'naua-amc
778 395 866 455 nurus
888 395 1080 475 autumnus,
1110 397 1158 458 ιιι
1179 325 1554 477 anapral'illtlim.

218 493 339 572 opidis.
384 491 517 554 similiter
546 496 699 572 proterunt
726 495 857 556 eiusdem
881 497 1092 559 terminationis
1115 498 1252 572 barbara,
1282 507 1313 559 ut
1335 499 1383 559 bic
1404 498 1551 576 Tigranes

251 593 337 654 buius
360 593 511 672 Tigranis,
541 594 588 655 bic
613 595 794 657 llitliridates
827 598 913 659 liuius
940 597 1127 671 blitlrridatis,
1156 598 1204 660 bio
1226 598 1436 660 Ariobarzanes
1458 598 1550 660 liuius

249 695 461 756 Ariobarzanis.
505 705 535 756 et
564 696 592 756 iu
620 695 685 756 aliis
712 705 808 758 tamen
834 699 1010 775 quibusdam
1034 699 1110 760 idem
1134 701 1239 762 iecisse
1261 700 1457 762 inveniuntur.

335 797 470 858 Secirnda
486 797 641 858 declinatio
657 799 825 860 terminales
839 800 928 860 babel
944 799 1056 860 litteras
1078 809 1152 875 tres,
1179 821 1193 861 r
1214 821 1228 862 s
1250 820 1295 874 m,
1323 800 1570 862 terminationess

248 917 318 958 rcro
330 917 392 970 ses,
403 918 436 958 ec
447 899 471 959 ir
484 917 518 958 ur
530 917 628 958 uscos
641 917 704 972 urii,
719 907 750 959 ut
765 919 849 960 sacer
861 901 945 976 sacri,
959 901 1001 962 rir
1013 900 1172 974 riri,'satnr
1184 903 1284 974 saturi,
1301 921 1424 981 magnus
1435 903 1547 980 magni,

215 999 363 1078 o'lpdeus
379 999 482 1080 Tydei,
504 1000 644 1080 templum
660 1000 770 1080 templi.
815 1000 845 1060 iu
861 1021 894 1062 er
911 1001 1084 1076 desinentia,
1107 1003 1131 1064 si
1148 1022 1164 1063 a
1182 1003 1300 1064 Graecis
1319 1003 1378 1064 sint
1398 1023 1448 1080 ρος
1467 1003 1496 1064 io
1513 1023 1549 1065 er

248 1101 485 1161 convertentibus
498 1101 576 1180 apud
591 1120 655 1174 nos,
672 1111 698 1160 ct
715 1120 790 1179 quae
804 1120 838 1162 ex
855 1121 887 1162 sc
903 1104 1011 1165 iaciunt
1023 1105 1160 1165 feminina
1176 1105 1205 1164 iu
1219 1105 1410 1166 adcsineatia
1427 1113 1456 1164 et
1468 1123 1547 1183 quae

248 1209 310 1262 set
325 1208 336 1261 t
352 1211 419 1262 aute
441 1222 473 1263 er
495 1202 618 1275 liabent,
644 1202 700 1262 nisi
723 1203 782 1262 siut
801 1204 983 1282 possessiva,
1011 1205 1158 1266 secundae
1181 1213 1250 1266 suut
1270 1205 1488 1276 declinationis,
1512 1214 1548 1266 ut

247 1303 295 1364 liic
312 1303 471 1364 Menander
488 1303 575 1364 huius
595 1301 761 1376 bleuandri,
783 1303 945 1365 Alexander
964 1303 1134 1380 Alexandri,
1157 1315 1241 1366 tener
1257 1306 1365 1380 teneri,
1388 1325 1472 1367 sacer
1494 1326 1544 1368 sa·
1559 1326 1583 1366 ro

247 1405 288 1465 eri
309 1405 430 1482 (iaciunt
452 1404 530 1464 enim
552 1413 652 1464 tenera
672 1402 788 1486 sacra),
816 1404 864 1466 laio
886 1405 1013 1466 oleaster
1040 1406 1127 1468 liuius
1155 1407 1289 1480 oleastri,
1315 1408 1443 1487 apiaster
1464 1409 1546 1488 apia-

247 1505 309 1566 stri.
360 1505 502 1584 excipitur
528 1505 576 1566 lric
603 1515 755 1582 sequester
777 1506 865 1568 buius
894 1507 1069 1585 sequestris,
1092 1509 1187 1586 quod,
1215 1507 1347 1586 quamvis
1369 1510 1471 1569 tertiae
1492 1509 1545 1569 de-

246 1605 412 1667 clinationis
426 1606 586 1679 iuvenitur,
607 1614 705 1667 tamen
720 1607 891 1668 leminiuum
910 1605 938 1667 iu
954 1627 969 1668 a
988 1609 1071 1682 lacit,
1087 1609 1160 1669 llaec
1177 1619 1344 1688 sequestra,
1366 1627 1544 1688 quamquam

245 1707 435 1768 vetustissimi
455 1715 484 1769 et
505 1707 651 1768 secundae
671 1705 1305 1790 declinationisrationabiliusprotulerunt,
1327 1711 1375 1772 bic
1389 1721 1546 1789 sequester

211 1822 228 1872 6
247 1809 335 1870 buius
351 1810 505 1887 sequestri.
549 1809 604 1869 alia
618 1829 687 1870 uero
708 1809 805 1870 orunia
826 1810 856 1868 in
878 1828 910 1869 er
932 1809 1093 1872 desinentia
1116 1811 1218 1872 tertiae
1242 1822 1310 1873 sunt
1329 1811 1543 1888 declinationis,
1557 1831 1581 1869 rs

245 1919 280 1971 ut
299 1909 348 1970 laic
369 1919 454 1990 pater
474 1909 562 1971 buius
585 1911 691 1990 patris,
715 1911 789 1972 liaeo
810 1910 915 1972 mulier
937 1911 1024 1972 laccius
1047 1911 1193 1988 mulieris,
1216 1912 1264 1974 hic
1287 1922 1316 1974 et
1337 1913 1410 1974 baec
1430 1933 1545 1994 pauper

245 2013 333 2072 buius
356 2011 512 2092 pauperis,
536 2011 592 2072 lroc
606 2011 693 2072 tuber
708 2012 795 2073 liuius
809 2012 929 2072 tuberis.
964 2013 1149 2094 excipiuntur
1169 2032 1242 2093 puer
1260 2015 1360 2094 pueri,
1382 2033 1473 2092 gener
1492 2035 1544 2094 ge-

243 2113 321 2186 neri,
345 2133 430 2174 socer
450 2113 561 2186 soceri,
587 2112 661 2174 liber
682 2113 764 2186 libri,
785 2132 892 2174 cancer
910 2115 1026 2188 cancri,
1046 2113 1120 2175 liber
1142 2114 1224 2187 libri,
1248 2115 1342 2176 culter
1364 2116 1466 2190 cultri,
1490 2117 1543 2178 lli-

244 2215 306 2286 ber,
327 2215 456 2287 coluber,
479 2231 560 2293 aper,
583 2213 674 2274 taber.
719 2215 748 2274 io
770 2215 796 2274 ir
814 2213 873 2275 cluo
895 2215 1082 2276 inveniuntur
1104 2215 1265 2277 masculina
1287 2217 1433 2278 secundae
1452 2218 1544 2280 dccli·

244 2315 387 2390 nationis,
411 2323 442 2377 ut
456 2315 505 2376 bic
519 2315 620 2376 Treuir
639 2315 726 2376 huius
741 2314 867 2389 Treviri,
885 2315 963 2394 quod
979 2325 1024 2378 est
1039 2313 1052 2400 ll
1067 2317 1189 2396 gentile,
1206 2327 1235 2378 et
1252 2319 1300 2378 hic
1318 2319 1359 2379 vir
1379 2319 1466 2381 huius
1490 2321 1578 2381 viriao

194 2466 196 2471 .
244 2426 273 2477 ct
293 2437 327 2477 ex
349 2437 384 2478 eo
406 2416 578 2496 composita.
623 2425 774 2497 praeterea
789 2424 892 2478 ueutra
915 2418 972 2478 duo
990 2418 1196 2490 inueniuntur,
1220 2440 1310 2482 unum
1330 2420 1433 2481 tertiae
1452 2419 1544 2482 dec-li·

243 2518 385 2611 uationis,
406 2518 463 2579 hoc
481 2516 589 2578 Gaddir
602 2517 690 2579 buius
708 2518 857 2592 Gaddiris,
879 2538 986 2580 nomeu
1008 2519 1144 2593 civitatis,
1165 2529 1195 2582 et
1209 2522 1266 2582 lroc
1281 2522 1320 2590 ir,
1345 2520 1422 2600 quod
1439 2521 1541 2582 Gracci

243 2616 338 2693 θέναρ
365 2619 482 2691 dicunt,
510 2619 725 2681 indeclinabile.
776 2620 806 2681 io
836 2639 872 2682 m·
899 2639 1004 2693 unum,
1034 2623 1116 2684 cuius
1139 2623 1311 2685 femininum
1332 2620 1360 2685 iu
1384 2642 1400 2684 a
1422 2621 1540 2694 desinit,

209 2740 224 2788 7
243 2721 390 2783 iuvenitur
417 2722 564 2784 secundae
586 2721 805 2792 declinationis,
829 2724 876 2784 bic
904 2731 985 2785 satur
1007 2726 1107 2785 saturi.
1147 2724 1203 2785 alia
1221 2744 1287 2785 uero
1309 2726 1408 2786 omnia
1431 2724 1542 2807 terltiae

242 2822 458 2897 declinationis,
482 2831 515 2885 ul
535 2824 582 2883 liic
598 2824 645 2884 lm·
665 2824 752 2885 buius
773 2824 863 2897 luris,
885 2824 932 2885 uic
955 2826 1049 2886 lorlur
1067 2826 1155 2887 buius
1178 2826 1298 2887 lurlmis
1322 2826 1461 2905 πίτυρον,
1483 2827 1575 2887 bocas

242 2923 366 3004 sulphur
388 2924 475 2985 huius
497 2925 656 3005 solplmris.
697 2925 727 2985 io
756 2946 791 2987 us
813 2935 979 3007 correptam
1001 2926 1163 2987 desinentia
1187 2948 1202 2989 s
1225 2927 1266 2988 rel
1290 2927 1364 2989 trel
1386 2948 1402 2988 x
1423 2935 1541 2989 antece-

241 3026 390 3093 dentibus,
407 3023 432 3086 si
445 3026 506 3086 siut
520 3045 619 3087 rerum
634 3026 859 3106 incorporalium
876 3025 1030 3101 vocabula,
1051 3028 1210 3089 nrasculina
1226 3036 1338 3091 suntet
1356 3038 1476 3108 quartae
1490 3031 1541 3091 dc-

242 3126 421 3197 clinationis,
437 3136 469 3189 ut
487 3128 535 3187 bic
553 3128 631 3188 risus
646 3128 734 3188 lmius
747 3128 845 3201 risus,
869 3129 916 3189 hic
933 3130 1012 3191 risus
1028 3130 1115 3191 buius
1133 3130 1228 3201 risus,
1249 3131 1406 3200 tumultus,
1433 3138 1539 3203 metus,

240 3227 343 3303 luxus,
365 3246 463 3289 sexus.
508 3228 642 3290 similiter
663 3237 786 3307 quartae
808 3238 879 3290 sunt
897 3248 972 3308 quae
994 3251 1028 3291 ex
1050 3232 1096 3293 bis
1119 3242 1350 3313 componuntur,
1375 3241 1407 3295 ut
1425 3233 1474 3295 bic
1494 3253 1541 3294 se·

239 3335 326 3390 uatus
352 3348 369 3389 a
396 3329 517 3391 senibus
537 3340 565 3390 et
588 3340 657 3391 natu
680 3330 767 3392 huius
787 3339 923 3404 senatus,
950 3340 979 3392 et
1001 3350 1076 3410 quae
1099 3334 1325 3411 cognominatim
1349 3334 1395 3408 bis
1418 3334 1575 3415 prolatisao

240 3431 295 3491 lira
310 3439 395 3501 sunt,
417 3440 451 3492 ut
464 3432 513 3492 bic
528 3432 715 3510 magistratus
730 3418 749 3507 ἡ
766 3419 841 3510 cipp}
858 3430 908 3491 nal
925 3422 941 3492 ὁ
956 3426 1054 3511 ἅρχων
1070 3434 1157 3496 locrius
1173 3437 1378 3513 magstratus,
1393 3436 1441 3498 bic
1457 3455 1540 3497 excr-

239 3530 315 3593 clius
335 3518 490 3609 bospoabg
506 3532 557 3592 καὶ
574 3524 592 3609 ἡ
608 3534 754 3612 γυμνασία
771 3533 860 3595 ltultts
883 3536 1041 3607 exct‘cllUS,
1065 3536 1113 3596 lrlc
1135 3536 1227 3599 sallus
1255 3525 1274 3613 ἡ
1296 3530 1426 3614 πήδιρσις
1446 3534 1497 3595 atui
1520 3528 1540 3615 ἡ

203 3626 319 3710 avoloq
350 3635 437 3696 huius
462 3635 564 3695 saltus.
615 3634 745 3696 eiusdem
769 3643 919 3715 praetcrea
943 3636 1145 3699 declinationis
1169 3645 1250 3709 scirit,
1276 3656 1367 3717 quae,
1390 3658 1456 3701 cum
1479 3639 1541 3700 sint

238 3736 306 3803 llxa,
335 3736 365 3796 in
392 3745 440 3796 tus
460 3737 599 3797 desinunt
627 3738 722 3813 aliqua
745 3736 939 3813 praecedente
958 3748 1139 3799 consonante
1162 3740 1190 3800 in
1215 3740 1316 3801 eadem
1340 3740 1450 3820 syllaba
1471 3748 1539 3801 ante

237 3834 376 3915 tposita‚
397 3846 429 3897 ut
448 3838 496 3897 liic
521 3840 629 3898 lluctus
651 3838 738 3899 bilius
762 3841 884 3909 lluctus,
908 3838 955 3899 liic
978 3848 1093 3901 caestus
1114 3841 1200 3902 liuius
1221 3850 1354 3913 caestus,
1375 3842 1423 3903 hic
1443 3842 1572 3903 riclusas

237 3938 325 3999 buius
347 3939 448 4000 rictus.
481 3939 624 4019 excipitur
645 3939 740 4000 lectus
762 3931 883 4017 ἡκλίνη
906 3940 988 4001 lecti:
1012 3961 1079 4003 uam
1102 3944 1301 4004 mustuslacit
1318 3951 1422 4006 musta.
1458 3944 1539 4005 simi-

306 4175 323 4227 3
342 4176 383 4225 liic
401 4177 547 4226 metridates
564 4176 641 4227 liuius
660 4178 800 4227 metridatis
819 4177 861 4227 hie
879 4180 1045 4228 ariobarzanes
1064 4178 1144 4230 troius
1160 4180 1352 4232 ariobaaunisC
1439 4182 1455 4231 4
1474 4190 1499 4231 ct
1512 4182 1537 4230 in

236 4246 294 4295 aliis
313 4254 396 4295 tomen
417 4246 567 4309 quibusdam
584 4249 685 4312 graccis
703 4248 851 4296 arroteritate
874 4248 940 4296 idem
960 4248 1051 4298 lecissc
1070 4250 1233 4298 inmuiuutur
1249 4260 1273 4299 ut
1290 4250 1330 4299 bio
1342 4258 1444 4301 orontes
1461 4250 1540 4300 buius

236 4315 371 4371 orontiss'
458 4314 551 4381 Ἱρος]
573 4332 615 4365 ros
635 4318 655 4366 θ
728 4317 758 4366 18
781 4316 856 4366 Hiber
869 4318 1018 4367 Priscianus
1031 4335 1056 4379 p.
1072 4318 1133 4377 dus,
1154 4319 1225 4367 inber
1243 4335 1299 4369 esse
1315 4320 1539 4371 videbatortac:

235 4385 314 4434 Hiber
333 4412 370 4421 —
388 4384 460 4433 lorber
477 4398 558 4441 once
624 4387 654 4435 21
675 4387 816 4450 composita
840 4388 943 4436 nouriuu
963 4388 1084 4436 cluruuuir
1102 4389 1220 4438 triumuir
1245 4390 1350 4439 semiuir
1369 4390 1468 4445 lenire

236 4458 269 4503 ’22
286 4454 334 4503 ltoc
352 4454 427 4519 gadir
444 4453 520 4503 lanios
538 4454 674 4521 gadirisC
759 4456 793 4505 ‘25
815 4467 840 4504 ut
859 4456 899 4505 liic
920 4456 1003 4505 lurlur
1023 4458 1097 4506 lrrrius
1117 4457 1223 4509 lurluris
1248 4452 1281 4506 τὰ
1304 4458 1422 4519 πίτυρα,
1448 4458 1490 4507 laic
1514 4468 1540 4510 et

236 4524 299 4572 liucc
317 4523 359 4571 l'nr
375 4522 452 4571 ludus
470 4522 535 4573 luris
552 4539 616 4586 φωρ
635 4516 749 4586 φωρός,
770 4525 817 4574 boc
835 4526 918 4589 sullur'
937 4526 1057 4584 salliaris,
1077 4528 1144 4589 quod
1164 4542 1254 4593 graece
1274 4527 1358 4577 esraa
1376 4520 1486 4589 ciaerpov
1499 4528 1540 4577 di-

235 4595 334 4648 citure
406 4590 441 4642 30
458 4608 473 4641 a
489 4594 592 4643 senibus
612 4605 672 4643 natu
693 4596 713 4643 0
780 4594 814 4644 32
833 4595 874 4643 liic
892 4596 971 4644 saltus
993 4610 1120 4649 unraumc
1140 4588 1308 4648 anauniae
1376 4596 1408 4648 33
1427 4598 1541 4647 declina·

235 4662 312 4711 tlonis
331 4677 465 4723 qucum
483 4671 542 4711 sunt
561 4678 625 4725 quae
642 4665 662 4713 0
678 4663 853 4715 declinationis
875 4665 999 4727 qrracdam
1019 4674 1077 4715 sum
1096 4682 1160 4730 qnae
1176 4680 1193 4721 ς
