3400 5325
260 205 323 268 tea
814 207 1000 271 PlllSCldlll

311 335 334 376 p.
350 321 407 366 tate.
422 323 484 366 2⁰1³.
1337 335 1358 375 p.
1372 319 1459 362 273-81
1476 321 1513 362 K.·

1040 393 1285 471 Cerealiaque
1306 411 1404 454 arma

412 497 626 576 expediunt

211 606 241 657 tt
261 617 329 658 corn
354 596 443 675 igitar
469 598 507 658 sit
528 597 742 675 homonymon,
771 596 850 675 quod
876 597 993 676 quidam
1021 595 1174 657 univocum
1197 595 1313 668 dicunt,
1339 603 1369 656 et
1392 595 1484 656 varias
1508 615 1559 655 res

260 698 419 776 signillcet,
442 699 575 776 singulae
593 715 693 758 earum
713 697 822 758 babent
837 717 890 757 sua
914 699 1047 770 nomina,
1060 679 1102 758 ¹nt
1120 710 1235 758 scutum
1256 697 1338 776 galea
1363 697 1451 758 lorica
1471 697 1556 756 basta

237 798 373 878 gladius
395 809 425 860 et
446 809 553 860 cetera.
598 819 656 859 non
679 797 768 874 igitur
790 818 866 878 opus
888 808 935 860 est
956 799 985 859 in
1008 798 1065 860 boo
1083 799 1201 860 nomine
1223 798 1380 876 singularis
1404 813 1584 871 numerosae

258 920 326 962 com
349 919 467 981 semper
488 901 517 961 in
540 898 646 980 plurali
668 899 882 976 significatione
900 908 1035 981 ponatur.
1082 909 1178 980 potest
1201 907 1296 960 autem
1323 907 1352 960 et
1373 899 1558 959 dillerentiae

259 1021 347 1063 eausa
368 1002 456 1064 buius
475 1000 623 1078 singulare
639 1000 744 1073 taceri,
766 1019 803 1060 ne
819 1001 856 1061 ab
876 1020 973 1076 armo,
995 1009 1059 1062 artu
1080 1001 1228 1082 corporis,
1252 1000 1362 1078 obliqui
1383 1002 1447 1062 eius
1468 1019 1558 1062 casus

257 1105 382 1184 prolerri
411 1103 632 1175 existimentur,
659 1101 708 1161 bio
734 1119 850 1176 armus,
880 1103 966 1164 buius
989 1103 1072 1163 armi.
1118 1103 1208 1164 Cuius
1235 1111 1280 1162 est
1309 1099 1439 1180 figurae?
1480 1101 1559 1162 Sim-

259 1206 353 1286 plicis.
398 1205 457 1265 Fac
477 1203 514 1264 ab
542 1224 578 1264 eo
602 1203 808 1282 compositam.
853 1205 1000 1282 Armiger,
1023 1204 1217 1284 armipotens,
1246 1203 1414 1274 semermis,
1436 1202 1557 1263 inermis

211 1315 242 1364 ta
260 1315 289 1367 et
311 1309 450 1368 inermus.
496 1307 586 1366 Cuius
614 1313 659 1364 est
681 1323 768 1366 casus
789 1304 820 1364 in
843 1306 899 1366 boc
920 1303 1007 1366 loeo?
1036 1305 1208 1366 Accusativi.
1255 1305 1334 1364 Vnde
1360 1305 1416 1364 boc
1439 1313 1590 1364 certumve

259 1407 325 1470 est?
364 1410 574 1482 detractura,
608 1406 637 1466 id
666 1415 711 1466 est
738 1405 922 1466 ordinatione
951 1415 979 1466 et
1006 1405 1212 1467 coniunctione
1241 1405 1435 1483 sequentium.
1480 1425 1556 1466 cano

259 1511 337 1572 enirn
358 1509 478 1570 verbnm
503 1507 669 1570 accusativo
694 1507 838 1585 iungitur:
868 1525 938 1585 ergo
966 1506 1109 1585 siquando
1131 1507 1261 1568 invenias
1290 1507 1375 1568 talem
1396 1506 1558 1568 ordinatio-

259 1633 342 1686 nem,
364 1632 442 1693 poue
466 1611 532 1672 loco
555 1609 651 1669 neutri
676 1609 869 1669 masculinum
896 1608 938 1668 vel
962 1608 1148 1682 femininum,
1171 1628 1294 1687 quorum
1317 1609 1472 1670 accusativi
1495 1627 1555 1668 non

259 1723 330 1777 suot
349 1714 459 1776 similes
479 1707 679 1784 nominativis,
703 1720 733 1770 et
754 1711 958 1772 manifestatur
975 1709 1027 1770 tibi
1050 1729 1152 1784 casus,
1175 1717 1206 1770 ut
1230 1710 1259 1772 in
1282 1710 1338 1771 boc
1360 1729 1446 1771 versu
1468 1711 1555 1770 ‘cano

260 1817 365 1878 virunt'
389 1815 469 1876 dixit.
514 1811 648 1874 similiter
668 1811 756 1872 ‘cano
776 1812 854 1872 illam
874 1815 949 1871 rem’
972 1811 1113 1885 dicimus,
1135 1830 1169 1872 err
1189 1811 1296 1890 quibus
1313 1821 1415 1872 neutra
1438 1829 1591 1890 quoquere

260 1917 324 1982 sine
346 1916 434 1978 dubio
454 1927 539 1997 potes
554 1912 723 1991 intellegere
743 1914 906 1974 secundum
922 1931 1008 1990 quem
1031 1931 1130 1974 casum
1152 1915 1341 1992 prol'ernntur
1363 1913 1470 1973 tamin
1494 1913 1556 1972 sin·

211 2030 243 2082 tt
258 2019 351 2101 gulari
373 2037 461 2096 quam
489 2016 492 2098 l
517 2017 547 2076 io
575 2014 679 2096 plurali
704 2032 838 2076 numero.
883 2012 938 2074 nde
961 2013 1055 2076 solum
1078 2023 1175 2074 taruco
1197 2015 1226 2074 in
1250 2022 1354 2074 netttro
1377 2032 1498 2092 genere,
1525 2013 1554 2073 in

258 2140 317 2200 quo
339 2119 535 2181 nominativus
553 2127 581 2178 et
599 2116 782 2177 accusativos
805 2124 835 2176 et
855 2115 1003 2176 vocativus
1025 2115 1136 2176 similes
1155 2123 1238 2190 sont,
1259 2117 1311 2175 sed
1331 2115 1416 2175 etiarn
1439 2115 1468 2186 in
1490 2115 1555 2174 aliis

259 2222 433 2302 generibus,
457 2219 558 2298 siquos
575 2218 706 2278 invenias
728 2217 839 2277 similes
862 2237 948 2278 casas
972 2226 998 2278 et
1025 2218 1155 2291 dubiteS,
1180 2217 1342 2277 secundom
1360 2235 1446 2295 quem
1467 2217 1554 2295 positi

259 2331 343 2396 sunt,
364 2321 486 2382 eandem
509 2327 684 2382 structuram
702 2337 846 2411 compoqe
866 2337 932 2379 curn
949 2317 1005 2379 illis
1024 2319 1074 2397 qui
1096 2338 1155 2379 noo
1178 2327 1247 2380 sunt
1265 2319 1391 2392 similes,
1414 2328 1443 2378 et
1458 2318 1590 2378 solvesao

259 2423 310 2487 etot
333 2421 559 2506 dubitationem,
584 2429 616 2482 ut
638 2433 707 2500 pata
735 2415 766 2480 sr'
788 2420 869 2480 dicas
892 2420 1075 2481 ‘oratoribus
1099 2428 1165 2481 utor
1188 2418 1352 2496 magistris'
1380 2428 1408 2480 et
1428 2420 1555 2492 dubites,

259 2536 357 2588 utrum
373 2525 488 2584 dativus
509 2543 547 2583 an
568 2522 712 2583 ablativus
731 2522 769 2582 sit
785 2540 881 2595 casus,
902 2541 960 2584 non
983 2522 1093 2596 solum,
1116 2521 1192 2600 quod
1215 2530 1280 2582 utor
1296 2521 1414 2583 verbum
1438 2541 1556 2601 semper

258 2614 384 2691 ablativo
410 2623 613 2705 coniungitur,
639 2624 697 2685 boc
719 2623 816 2705 possis
838 2643 1015 2703 agnoscere,
1039 2623 1090 2685 sed
1114 2623 1199 2685 etiam
1223 2623 1247 2685 si
1270 2623 1432 2686 secundom
1454 2623 1555 2701 singu·

258 2732 348 2793 larem
371 2746 527 2808 numerum
549 2728 625 2788 bano
648 2726 771 2787 eandem
793 2726 912 2787 ordines
931 2725 1090 2787 orationem
1112 2726 1235 2787 dicando
1260 2730 1395 2787 ‘oratore
1413 2726 1554 2803 magistro

258 2836 351 2893 utor'.
397 2830 494 2891 omnia
517 2829 595 2889 enim
614 2826 642 2887 in
660 2847 677 2889 e
698 2828 882 2889 terminantia
902 2826 1057 2889 ablativum
1073 2828 1233 2889 masculina
1253 2827 1298 2888 vel
1319 2826 1457 2888 lenriuina
1483 2825 1590 2887 nullior,

212 2945 241 2994 tt
260 2935 343 2997 alteri
362 2950 430 2995 eurn
452 2949 553 2992 casum
576 2928 700 2992 similem
722 2929 840 2989 babent
876 2929 988 2999 Quotae
1012 2937 1057 2989 est
1079 2928 1299 3011 declillnationis
1320 2926 1420 2989 arma?
1442 2928 1554 2989 Scotto-

258 3039 321 3097 dae.
368 3030 487 3106 Quare?
510 3031 583 3102 Quia
605 3030 769 3109 genetivum
792 3049 939 3091 armorum
962 3030 1040 3091 lacit.
1069 3030 1177 3107 ¹onuria
1201 3041 1296 3092 autem
1312 3038 1413 3091 neutra
1430 3030 1552 3109 pluralia

197 3194 202 3197 ,
257 3159 273 3200 a
302 3136 417 3199 llnalem
446 3133 614 3194 nominativi
641 3132 670 3192 in
693 3129 698 3212 Ι
724 3152 741 3191 o
769 3132 886 3210 longam
914 3138 1088 3193 convertunt
1111 3140 1139 3192 et
1162 3130 1258 3192 addita
1281 3148 1347 3193 rum
1370 3132 1482 3191 laniunt
1504 3150 1554 3209 ge·

258 3240 402 3311 rtetivum,
430 3236 455 3296 si
484 3235 544 3296 sint
572 3232 718 3294 secundae
746 3233 959 3295 declinationis
1004 3233 1073 3295 illud
1109 3252 1225 3312 quoque
1258 3250 1416 3312 possumus
1444 3230 1552 3305 dicere,

256 3340 335 3420 qaod
362 3337 482 3400 alteriue
512 3334 716 3396 declinationis
743 3334 937 3397 nominativus
960 3335 989 3395 in
1018 3354 1065 3396 ma
1087 3335 1226 3395 desinens
1248 3334 1278 3395 in
1300 3333 1405 3414 plurali
1429 3352 1590 3421 nuuremao

257 3462 317 3503 non
339 3440 484 3502 invenitur
503 3436 560 3498 nisi
582 3436 745 3509 secundae,
768 3446 802 3497 ut
818 3437 914 3516 prima
937 3437 1111 3517 primorum,
1130 3454 1243 3497 summa
1266 3453 1459 3497 suntmotnm.
1495 3434 1553 3495 Fac

258 3544 413 3605 derivativa
434 3540 470 3601 ab
494 3558 539 3599 co.
584 3537 745 3599 Armorium
769 3546 982 3599 armamentum
1000 3538 1255 3599 armamentarium
1279 3536 1457 3609 armillae,
1478 3555 1554 3615 quae

255 3664 335 3707 nunc
356 3640 513 3704 brachialia
535 3648 654 3715 vocant3
676 3638 719 3699 sic
735 3639 867 3699 Cicero
886 3640 915 3699 in
939 3649 1041 3718 quarto
1065 3640 1106 3700 de
1128 3639 1357 3719 republica:
1385 3648 1553 3699 armentum

257 3756 286 3807 et
308 3745 344 3806 ab
367 3763 402 3803 eo
425 3740 629 3802 armentarius.
674 3739 727 3800 bic
749 3740 868 3801 verbum
891 3742 1148 3803 denominativum.
1200 3744 1288 3801 armo
1320 3758 1417 3801 armas
1448 3746 1552 3800 armat.

208 3862 241 3913 ta
259 3848 339 3909 Vnde
367 3854 480 3907 eertum
509 3850 569 3918 est,
597 3842 713 3921 quando
741 3841 861 3903 verbnm
893 3862 908 3903 a
937 3844 1055 3904 nomine
1082 3850 1110 3903 et
1138 3842 1254 3919 quando
1281 3859 1388 3902 nomeu
1416 3860 1432 3902 a
1461 3841 1588 3904 verbosi

255 3944 406 4010 nascitur?
430 3944 473 4005 Ex
488 3944 553 4025 ipsa
575 3942 789 4022 significatione.
811 3952 840 4003 et
859 3952 961 4005 natura
978 3962 1087 4005 rerum.
1122 3962 1260 4003 namnoo
1279 3959 1438 4023 possumus
1454 3943 1553 4004 dicere

340 4132 508 4199 aexpediout
525 4130 611 4180 omG
713 4130 731 4181 6
751 4138 835 4195 potest
855 4156 889 4165 -
907 4129 924 4179 3
941 4131 1004 4180 armi
1029 4144 1075 4181 out.
1094 4130 1115 4179 S
1200 4138 1283 4179 autern
1304 4128 1370 4179 Lei
1387 4130 1470 4179 codex
1491 4130 1552 4178 Mo—

254 4208 371 4257 nueeaer'e
388 4202 437 4252 boe
455 4201 475 4250 Ο
492 4201 602 4256 etiams
675 4199 707 4249 le
725 4200 842 4249 inuenies
860 4198 881 4249 S
902 4199 1042 4250 iuuenisG
1112 4198 1143 4249 19
1158 4198 1180 4248 si
1200 4213 1264 4262 quos
1280 4199 1396 4249 inuenies
1414 4198 1435 4247 S
1452 4200 1477 4247 in
1495 4200 1551 4263 qui-

255 4278 302 4325 bus
320 4274 436 4323 inuenies
453 4271 474 4321 0
559 4271 593 4321 20
614 4278 674 4319 sunt
694 4284 817 4335 compone
841 4268 945 4319 eosdem
969 4269 1107 4318 sectandum
1127 4276 1278 4317 structuram
1297 4283 1354 4317 curn
1373 4268 1430 4317 aliis
1447 4267 1468 4317 S

225 4386 228 4395 .
253 4346 288 4395 25
306 4342 446 4392 masculina
462 4340 501 4390 vel
521 4338 643 4388 feminina
661 4353 706 4388 ova.
726 4338 755 4405 S,
774 4339 862 4389 odda
950 4338 984 4390 30
1003 4338 1068 4387 oliae
1093 4337 1310 4387 declinationisS
1379 4338 1552 4387 nominatiores

254 4416 275 4466 C
294 4409 426 4463 nomenS
507 4408 539 4460 31
563 4406 719 4458 inueniusS
822 4409 855 4460 32
881 4423 946 4470 quae
970 4434 996 4443 -
1018 4407 1053 4457 33
1078 4408 1109 4457 de
1134 4423 1161 4456 re
1179 4407 1279 4472 publiea
1297 4422 1342 4456 ora.
1362 4406 1383 4455 S
1400 4422 1464 4469 quae
1484 4420 1553 4455 nune

254 4482 392 4534 brachialia
411 4487 515 4529 rvoeant.
544 4478 586 4528 Sic
600 4479 682 4527 cicero
699 4479 725 4526 in
744 4478 813 4527 llllto
832 4478 865 4527 de
884 4478 1012 4542 republica
1030 4476 1056 4525 id
1076 4485 1113 4525 est
1132 4476 1164 4525 de
1183 4476 1309 4525 communi
1329 4492 1355 4524 re
1370 4476 1402 4525 de
1420 4476 1552 4541 guberna-

253 4554 322 4603 tione
339 4550 414 4615 regnl
430 4552 458 4599 ia
479 4550 591 4614 margine
615 4548 676 4597 add.
698 4563 712 4597 a
785 4546 819 4598 33
845 4546 980 4596 brachialia
1007 4554 1156 4595 ornamenta
1179 4544 1354 4609 brachiorum,
1373 4560 1437 4608 quae
1455 4544 1552 4595 Graece

254 4620 384 4687 apicbidoe
405 4628 538 4667 vocantur.
574 4616 649 4667 nlius.
686 4630 751 4678 qaae
770 4615 865 4665 Graeco
887 4616 1009 4666 vocabulo
1028 4614 1164 4680 spioidieae
1183 4615 1309 4664 dieantur.
1346 4614 1552 4665 dextroelrinium

255 4704 315 4738 vero
333 4696 508 4737 ornamentum
526 4686 631 4737 dextrae
646 4698 738 4735 meone
758 4684 850 4735 iterum
869 4685 893 4734 L
963 4685 989 4733 in
1009 4692 1099 4748 quarto
1117 4683 1149 4733 de
1166 4692 1285 4750 praetura
1304 4682 1325 4733 0
