3400 5325
735 247 948 309 PRAEFATIO
1431 242 1493 305 sat

194 430 237 494 de
258 428 460 516 ponderibus
482 438 515 493 et
535 439 603 494 tres
625 430 701 495 libri
723 432 766 495 ad
788 432 1032 518 Symmachum,
1053 431 1135 495 haee
1155 432 1257 513 igitur
1279 429 1405 493 decimo
1425 448 1494 491 sae-

195 531 270 596 culo
295 530 418 618 scripta
446 540 532 595 sunt.
576 552 652 595 nam
675 532 717 597 de
739 542 893 618 quattuor
922 531 1052 597 schedis
1079 534 1187 596 105-
1203 533 1277 613 108,
1316 550 1396 617 quas
1425 537 1494 593 tum

118 616 125 628 ’
195 654 269 697 cum
297 632 444 697 codicem
469 632 652 696 tractabam
682 636 859 721 antiquiori
887 636 973 721 parti
1001 656 1021 697 a
1047 656 1098 697 me
1125 632 1267 697 tributas
1291 652 1363 696 esse
1385 630 1494 713 video,

195 734 312 799 dubito
339 755 428 797 nunc
455 755 497 796 an
524 733 633 819 potius
659 735 702 797 ad
729 736 942 820 posteriorem
967 737 1169 821 pertineant,
1199 732 1360 820 siquidem
1383 729 1494 795 Rufini

196 835 316 899 librum
338 856 413 897 cum
432 834 594 920 Eutychis
615 835 700 899 libro
720 838 755 899 in
778 836 948 901 codicibus
970 836 1127 920 coniungi
1145 856 1210 897 non
1229 834 1371 899 memini.
1407 833 1494 897 hunc

195 938 297 1020 igitur
318 935 464 1000 codicem
485 945 637 999 accurate
658 938 814 1023 scriptum
836 939 884 1001 ita
903 947 1034 1001 secutus
1060 959 1148 1015 sum,
1176 944 1213 999 ut
1232 934 1495 999 eiuaauetorita·

195 1050 261 1101 tem
276 1059 342 1101 non
359 1022 576 1124 relinquerem
590 1038 655 1101 nisi
671 1039 705 1100 in
724 1040 765 1102 iis
782 1060 867 1124 quae
878 1048 989 1125 aperte
1006 1047 1159 1124 corrupta
1174 1036 1227 1101 vel
1243 1056 1359 1100 manca
1374 1044 1493 1099 essem.

194 1158 393 1225 quamquam
410 1140 498 1202 enim
517 1140 589 1203 eius
610 1139 805 1224 scripturam
827 1141 862 1203 in
885 1162 949 1205 non
970 1138 1069 1203 nullis
1091 1138 1173 1203 locis
1190 1137 1327 1203 aliorum
1346 1136 1494 1202 codicum
1572 1182 1576 1191 .

194 1242 391 1304 auctoritate
413 1238 580 1303 emendari
601 1239 655 1305 vel
678 1240 825 1326 suppleri
848 1241 994 1327 potuisse
1015 1239 1175 1318 concedo,
1208 1248 1316 1303 tamen
1339 1239 1494 1303 maiorem
1593 1266 1599 1280 ·

196 1364 307 1405 curam
330 1340 416 1426 huic,
435 1338 548 1406 libello
576 1341 755 1427 inpendere
778 1340 882 1418 nolui,
916 1343 1107 1428 praesertim
1130 1361 1203 1404 cum
1234 1340 1275 1403 de
1298 1339 1378 1422 illis,
1411 1360 1494 1426 quae

196 1445 232 1506 in
250 1424 347 1507 editis
365 1440 608 1527 exemplaribus
623 1451 748 1505 mutata
763 1452 850 1523 sunt,
868 1464 979 1508 omnes
995 1442 1124 1506 codices
1139 1442 1324 1505 consentire
1337 1440 1494 1505 viderem.

195 1546 307 1629 itaque
318 1541 380 1607 hoc
390 1564 457 1606 uno
469 1542 553 1607 duce
565 1552 738 1608 contentus
754 1564 796 1607 ex
815 1545 912 1609 editis
928 1542 1181 1630 exemplaribus,
1197 1564 1214 1605 e
1232 1540 1350 1627 quibus
1365 1549 1496 1628 praeter

195 1644 377 1732 principem
399 1643 575 1707 editionem
597 1645 733 1709 adhibui
753 1644 993 1710 Ascensianam
1020 1652 1052 1709 et
1072 1643 1243 1727 Aldinam,
1271 1664 1310 1706 ea
1334 1664 1419 1729 quae
1440 1642 1495 1707 vel

196 1753 286 1810 recte
306 1744 479 1809 emendata
500 1745 553 1809 vel
576 1746 678 1831 digna
699 1767 772 1809 ease
799 1748 956 1812 memoria
976 1745 1174 1811 videbantur
1195 1744 1362 1808 adnotavi.
1404 1764 1495 1829 prae·

195 1856 287 1911 terea
307 1846 404 1910 iniis
426 1866 510 1931 quae
531 1868 576 1911 ex
586 1845 732 1911 Terentii
748 1857 781 1911 et
789 1844 937 1911 Sallustii
960 1847 1053 1911 libris
1076 1845 1244 1932 adscripta
1265 1854 1342 1909 sunt
1356 1867 1389 1931 p.
1404 1848 1495 1927 1317,

196 1949 231 2010 in
250 1948 370 2033 quibus
391 1945 501 2033 paullo
522 1949 749 2013 certiorem·et
769 1947 960 2033 ampliorem
982 1948 1131 2013 codicum
1152 1948 1342 2014 memoriam
1369 1944 1496 2009 deside-

196 2050 265 2112 rari
290 2070 387 2133 posse
414 2048 661 2133 intellegebam,
696 2050 858 2134 integram
891 2050 1145 2136 discrepantiam
1173 2048 1312 2133 duorum
1345 2047 1494 2111 codicum

197 2150 421 2214 Parisinorum
437 2151 521 2212 7559
537 2158 570 2212 et
587 2153 670 2213 7560
686 2151 839 2235 adposui,
861 2172 997 2237 quorum
1018 2150 1173 2215 librorum
1197 2149 1345 2236 superior
1363 2146 1495 2213 saeculo

197 2251 323 2315 decimo
347 2250 487 2334 scriptus
509 2258 574 2331 est,
595 2253 757 2336 posterior
777 2252 963 2317 undecimo.
1389 2268 1391 2275 '

283 2350 437 2437 Sequitur
456 2358 493 2414 ut
514 2350 555 2414 de
577 2352 877 2437 partitionibus
898 2351 1109 2417 duodecim
1133 2372 1322 2416 versuum
1345 2351 1496 2415 Aenei-

197 2454 269 2518 dos
296 2452 434 2516 dicatur.
478 2453 514 2515 in
541 2472 605 2537 quo
630 2450 715 2516 libro
741 2452 931 2518 Priscianus
958 2463 1055 2519 vetus
1082 2456 1265 2519 institutum
1295 2453 1495 2519 Graecorum

197 2553 484 2640 grammaticorum
506 2551 652 2616 imitatus
673 2562 738 2636 est,
761 2555 849 2641 quod
870 2556 948 2621 olim
970 2550 1145 2639 μερισμόν,
1168 2564 1284 2641 postea
1305 2554 1405 2639 vulgo
1427 2552 1494 2618 ἐπι-

197 2646 362 2740 μερισμόν
383 2652 505 2718 dictum
528 2675 601 2718 esse
622 2653 735 2720 docuit
755 2655 914 2722 Lehrsius
935 2668 1010 2745 post
1032 2656 1215 2723 Herodiani
1241 2658 1364 2744 scripta
1388 2658 1454 2721 tria
1476 2679 1496 2720 a

198 2782 233 2824 se
257 2758 346 2822 edita
370 2779 404 2844 p.
425 2759 489 2820 416
506 2777 577 2842 sqq.
621 2757 771 2821 solebant
793 2760 880 2822 enim
902 2759 951 2824 illi
974 2781 1029 2824 eos
1057 2759 1113 2845 qui
1134 2759 1278 2845 ipsorum
1301 2759 1384 2823 disci
1408 2756 1496 2822 linae

199 2860 313 2926 traditi
340 2866 435 2922 erant
461 2859 509 2921 ita
535 2879 707 2940 exercere,
739 2869 777 2922 ut
802 2861 969 2946 proposito
996 2860 1107 2946 aliquo
1130 2881 1229 2924 versu
1254 2858 1308 2924 vel
1333 2780 1496 2923 sedentia

198 2961 369 3048 scriptoria
395 2979 455 3044 per
482 2959 772 3044 interrogationem
805 2969 838 3024 et
870 2963 1115 3047 responsionem
1148 2981 1222 3024 cum
1249 2959 1290 3025 de
1324 2958 1496 3024 scansione

197 3084 314 3128 versus
335 3070 405 3125 tum
427 3059 468 3124 de
489 3058 628 3144 singulis
655 3060 825 3126 vocabulis
854 3064 923 3126 eius
953 3047 1070 3128 versus
1095 3061 1352 3128 velsententiae
1371 3061 1496 3146 praeci-

196 3172 312 3253 perent
332 3170 367 3226 et
388 3160 446 3248 qui
468 3170 578 3225 essent
602 3161 703 3247 pedes
725 3185 854 3244 versus,
877 3185 961 3250 quae
975 3173 1086 3251 partes
1101 3162 1273 3246 orationis,
1296 3160 1375 3247 quid
1398 3161 1495 3244 unius

189 3254 356 3350 'cuiusque
377 3262 481 3348 partis
503 3264 672 3348 proprium
694 3273 798 3344 esset,
827 3265 909 3350 quid
933 3265 1113 3348 accideret,
1142 3272 1175 3329 et
1197 3262 1306 3350 siquid
1327 3262 1418 3326 aliud
1437 3284 1496 3348 per

197 3366 298 3430 talem
319 3365 525 3429 occasionem
546 3385 611 3429 non
629 3365 832 3430 incommode
855 3388 889 3431 se
915 3366 1102 3453 praeberet,
1130 3388 1170 3430 ex
1200 3364 1370 3451 discipulis
1398 3385 1495 3450 quae·

197 3474 317 3532 renent.
362 3466 443 3528 satis
464 3467 601 3551 antiquo
623 3477 731 3531 autem
751 3475 899 3554 tempore
918 3490 989 3532 eam
1006 3467 1275 3532 consuetudinem
1292 3464 1494 3530 increbuisse

196 3590 240 3634 ex
274 3569 315 3632 iis
348 3567 500 3652 adparet,
536 3567 654 3652 quibus
687 3567 808 3632 Sextus
839 3568 1026 3654 Empiricus
1061 3568 1136 3633 adv.
1169 3589 1306 3654 gramm.
1334 3565 1351 3630 l
1380 3571 1398 3630 7
1423 3587 1494 3653 sqq.

195 3679 300 3735 totum
320 3668 383 3732 hoc
404 3689 509 3752 genus
531 3678 683 3734 accurate
701 3671 891 3756 descripsit,
915 3671 1007 3734 cuius
1026 3670 1129 3735 verba
1144 3666 1493 3756 adscripsitLehrsius

196 3793 229 3857 p.
251 3772 326 3835 424.
370 3769 429 3834 sed
457 3777 632 3856 postquam
656 3768 714 3834 din
740 3772 775 3836 in
800 3770 921 3838 scholis
944 3772 1229 3858 grammaticorum
1252 3769 1332 3834 haee
1355 3769 1494 3834 docendi

196 3873 281 3936 ratio
303 3871 484 3936 exercitata
506 3880 573 3952 est,
608 3869 726 3935 litteris
747 3871 828 3936 haec
849 3873 1008 3937 mandare
1028 3886 1060 3936 et
1080 3870 1181 3937 libros
1210 3871 1354 3936 seribere
1381 3891 1495 3957 eoepe-

196 3979 287 4055 runt,
316 3993 454 4058 quorum
482 3970 565 4034 alios
587 3971 685 4057 plane
707 3972 798 4036 illam
820 3974 1088 4039 exercitationem
1110 3971 1340 4038 scholasticam
1362 3963 1495 4058 capres-
1523 3949 1535 3976 ⁸

197 4075 280 4138 sisse
301 4072 473 4159 probabile
494 4081 561 4155 est,
590 4072 647 4138 alii
674 4095 715 4138 ea
741 4083 932 4161 praecepta,
963 4096 1047 4160 quae
1073 4073 1149 4137 huic
1171 4073 1219 4138 rei
1239 4071 1333 4136 utilia
1353 4093 1426 4138 esse
1446 4073 1494 4140 vi·

196 4173 374 4255 debentur,
397 4173 541 4239 breviter
556 4182 807 4262 conposuerunt.
843 4175 920 4240 hinc
937 4177 1006 4240 nati
1027 4182 1105 4240 sunt
1122 4173 1199 4240 libri
1221 4182 1368 4238 extrema
1387 4181 1494 4240 aetate
1615 4229 1617 4234 .

196 4275 311 4362 scripti
333 4283 365 4338 et
389 4275 504 4339 ordine
525 4275 706 4342 litterarum
732 4277 897 4361 congesti,
930 4280 987 4364 qui
1009 4297 1096 4341 nunc
1118 4274 1342 4358 sarsenates
1363 4269 1494 4341 nomine

196 4376 348 4463 inscripti
367 4375 529 4441 feruntur.
573 4377 660 4442 hunc
680 4379 781 4464 igitur
803 4377 1005 4442 Graecorum
1026 4397 1149 4442 morem
1170 4376 1314 4440 imitatus
1336 4385 1387 4441 est
1407 4376 1495 4441 Pris-

196 4479 323 4542 cianus.
367 4484 467 4563 atque
487 4485 525 4541 ut
544 4477 593 4542 illi
615 4480 649 4543 in
671 4481 819 4544 instituto
841 4500 901 4544 auo
922 4479 964 4544 ab
983 4478 1126 4546 Homero
1148 4475 1312 4564 proficisci
1335 4463 1494 4561 solebant,

196 4580 244 4643 ita
262 4577 403 4643 Latinus
424 4580 657 4662 grammaticus
679 4603 744 4646 non
765 4589 894 4667 poterat
914 4602 980 4645 non
1004 4602 1023 4646 a
1044 4578 1206 4666 Vergilio,
1238 4579 1272 4642 in
1301 4599 1365 4665 quo
1390 4580 1494 4644 omnis

196 4678 381 4744 scholarum
403 4681 565 4746 instituio
583 4681 792 4765 versabatur,
814 4683 982 4748 materiem
998 4682 1208 4768 partitionum
1226 4701 1358 4746 sisarum
1373 4690 1495 4767 petere.
