3400 5325
390 255 640 318 Pilll'l'll'lONES
657 255 710 317 llll
732 255 837 339 Vltus
858 255 942 318 AEN.
959 256 1004 317 Vl.
1031 265 1175 320 loe—115
1246 305 1248 310 .
1379 252 1441 316 485

196 383 218 424 p.
235 371 291 412 raas.
305 371 330 412 n
345 371 367 412 a.
1226 383 1246 424 p.
1260 370 1305 412 aie.
1322 369 1345 412 ro
1360 369 1388 412 u.

145 429 276 522 tempore
304 443 452 523 praesenti
485 443 520 503 ad
555 441 714 504 secundam
742 450 771 502 et
799 442 914 504 tertiam
940 459 1097 522 personam
1126 427 1188 502 iare
1217 443 1313 514 latur,
1343 443 1439 504 lemur

145 545 243 606 lamini
272 547 376 608 lentur.
422 563 489 604 uam
516 543 544 604 in
570 544 664 634 prima
687 543 890 620 coniugatione
920 542 1089 624 imperativo
1111 543 1198 604 modo
1221 544 1348 606 secunda
1372 562 1439 624 per·
1459 554 1504 605 ttl

144 665 216 706 sona
242 643 460 730 paenultilmam
489 646 578 706 lrabet
605 665 636 720 a,
670 646 754 706 tertia
776 664 845 706 vern
872 665 905 718 e,
932 663 1018 724 quam
1045 653 1163 706 servant
1185 645 1278 724 prima
1301 653 1330 705 et
1352 645 1438 708 tertia
1477 689 1479 696 -

143 747 264 828 pluralis
291 767 434 827 persona:
462 766 529 808 nam
553 747 682 808 secunda
705 747 892 808 indicativum
915 747 1048 825 sequitur
1068 766 1153 808 suum
1177 746 1206 807 iu
1232 747 1312 808 omui
1337 748 1439 809 coniu-

22 835 23 840 '
106 869 120 908 s
144 849 278 928 gatione,
306 867 404 910 amare
429 857 543 909 ametur
573 868 705 910 amemur
725 849 863 910 amamini
885 859 1028 910 amentur.
1073 850 1103 910 in
1126 849 1255 911 secunda
1276 867 1344 910 vero
1368 868 1438 910 con·

141 951 289 1030 ingatioue
313 950 443 1012 secunda
471 951 589 1028 quidem
611 969 737 1032 persona
757 951 929 1030 productam
956 950 1045 1012 babet
1066 970 1082 1012 e
1104 949 1329 1030 paenultimam,
1351 950 1436 1010 tertia

141 1060 238 1114 autem
263 1061 371 1132 apost
393 1072 419 1126 e,
442 1072 528 1132 quam
552 1061 670 1114 servant
691 1052 784 1132 prima
805 1060 834 1113 et
856 1053 940 1114 tertia
960 1053 1096 1133 pluralis,
1118 1060 1151 1113 ut
1170 1052 1276 1114 docere
1298 1050 1438 1112 doceatur

140 1154 300 1216 doceamur
326 1155 473 1216 docemini
503 1155 674 1216 doceantur.
717 1155 748 1214 in
776 1154 861 1214 tertia
891 1155 1096 1233 coniugatione
1119 1173 1135 1214 e
1162 1161 1326 1233 correptam
1349 1152 1438 1214 babet

139 1256 348 1336 paenultimam
366 1255 495 1318 secunda
513 1274 653 1335 persona,
678 1263 709 1316 ut
725 1254 838 1334 legere,
862 1257 945 1317 tertia
961 1274 1029 1316 vero
1045 1275 1077 1329 a,
1097 1273 1184 1334 quam
1207 1263 1324 1316 servant
1342 1256 1437 1335 prima

105 1366 169 1419 noet
191 1359 274 1418 tertia
297 1356 434 1437 pluralis,
457 1365 490 1417 ut
511 1356 609 1435 legere
631 1357 745 1435 legatur
776 1355 909 1434 legemur
936 1357 1066 1435 legimini
1093 1357 1236 1436 legantur.
1282 1357 1311 1416 in
1334 1365 1436 1436 quarta
1456 1369 1505 1422 112

138 1459 147 1520 i
171 1459 344 1538 productam
371 1457 460 1520 babet
487 1459 711 1538 paenultimam,
740 1467 773 1519 ut
795 1459 927 1536 munire,
954 1458 1037 1518 tertia
1063 1477 1130 1519 vero
1160 1476 1175 1518 a
1204 1459 1320 1536 posti,
1349 1477 1436 1537 quam

139 1567 258 1621 servant
281 1561 376 1640 prima
399 1569 428 1619 et
449 1560 534 1621 tertia
557 1559 696 1641 pluraliS,
730 1569 762 1620 ut
786 1560 901 1622 munire
923 1546 1071 1620 muniatur
1092 1559 1259 1620 muniamur
1283 1559 1436 1622 munimini

138 1662 317 1722 muniantur.
363 1661 414 1722 sed
434 1662 507 1722 haec
531 1662 559 1722 iu
583 1662 691 1740 regulis
713 1661 881 1722 verbalibus
902 1661 991 1720 latius
1009 1667 1134 1723 tractata
1153 1661 1292 1726 invenies.
1337 1663 1435 1722 lutuno

138 1765 216 1824 lator
245 1763 290 1831 tri,
326 1763 402 1823 lator
431 1764 496 1837 ille,
523 1763 661 1830 lamium,
693 1762 791 1823 lentur
812 1763 857 1822 val
879 1763 983 1822 lautor.
1029 1763 1157 1844 optativo
1181 1762 1269 1824 modo
1301 1771 1435 1843 tempore
1454 1777 1503 1828 lta

102 1864 286 1945 inpraesenti
310 1873 340 1924 et
354 1865 512 1944 praeterito
532 1864 704 1943 imperfecto
725 1864 836 1925 utinam
856 1865 948 1938 lacer,
971 1863 1129 1943 praeterito
1149 1863 1280 1944 perlecto
1303 1873 1333 1926 et
1352 1865 1435 1945 plus·

135 1966 358 2046 qiramperlecto
380 1966 488 2026 latinam
512 1966 589 2026 latus
605 1983 701 2026 essem
719 1965 763 2025 vel
779 1966 856 2027 latus
876 1966 1012 2038 fuissem,
1037 1965 1134 2026 futuro
1152 1965 1263 2026 utinam
1282 1966 1341 2042 ler;
1365 1965 1435 2028 sub-

133 2068 264 2128 iuurtivo
287 2067 374 2127 modo
398 2079 530 2146 tempore
552 2067 701 2147 praesenti
722 2085 795 2128 cum·
810 2069 864 2140 ler,
888 2067 1047 2148 praeterito
1069 2067 1241 2146 imperfecto
1260 2087 1326 2130 cum
1345 2069 1432 2139 laver,

135 2169 294 2250 praeterito
324 2170 454 2248 perlecto
484 2188 550 2230 cum
576 2167 731 2229 latussim
761 2167 804 2228 vel
826 2168 903 2229 latus
927 2168 1046 2239 luerim,
1077 2169 1234 2248 praeterito
1262 2170 1435 2250 plusquam-

132 2273 266 2352 perlecto
290 2289 356 2332 cum
380 2270 456 2331 latus
477 2288 573 2331 essem
593 2269 637 2330 vel
661 2270 737 2331 latus
755 2269 894 2350 fuissem,
916 2271 1013 2331 futuro
1033 2288 1099 2331 cum
1119 2271 1196 2332 latus
1219 2290 1268 2332 ero
1293 2271 1336 2332 vel
1356 2273 1434 2332 latus

98 2375 238 2448 noluero;
260 2371 401 2432 infinitivo
422 2372 510 2433 niodo
530 2379 661 2450 tempore
683 2373 831 2451 praesenti
848 2381 877 2433 et
893 2372 1051 2452 praeterito
1072 2370 1245 2452 imperfecto
1267 2373 1329 2448 lari,
1349 2392 1434 2452 prae·

134 2474 222 2536 terito
245 2473 377 2553 perlecto
399 2483 429 2534 ct
454 2472 742 2554 plusquamperfecto
761 2475 852 2533 latum
876 2491 942 2534 esse
964 2473 1009 2532 vel
1032 2474 1121 2536 latum
1144 2474 1248 2550 luisse,
1271 2477 1368 2536 loturo
1391 2477 1434 2535 la·

132 2587 199 2637 tum
225 2575 276 2650 i1·i;
307 2573 446 2652 gerundia
476 2573 554 2633 laridi
584 2574 671 2634 laudo
706 2574 825 2635 landum
854 2575 945 2635 latum
975 2575 1044 2636 lautu.
1091 2575 1243 2655 participia
1270 2576 1389 2636 veniunt
1416 2595 1432 2636 a

132 2678 223 2739 verbo
239 2677 397 2757 dopou'euti
420 2676 489 2750 tria,
512 2694 654 2754 praeseus
675 2677 864 2756 praeteritum
882 2684 910 2737 et
932 2678 1081 2750 laturum,
1103 2696 1244 2758 praesens
1261 2678 1335 2751 lans,
1355 2679 1432 2739 uude

132 2789 164 2841 et
185 2780 283 2840 iulans
305 2778 355 2856 qui
377 2777 457 2855 loqui
480 2796 539 2838 nou
566 2784 679 2857 potest,
706 2762 897 2857 praeteritum
921 2780 998 2861 latus
1020 2781 1080 2841 lata
1103 2780 1213 2853 latum,
1238 2778 1367 2839 futurum
1390 2779 1432 2839 la·

97 2891 221 2943 asturus
242 2881 335 2941 latura
358 2879 494 2939 laturum.
539 2887 569 2939 et
591 2878 759 2953 sciendum,
782 2879 861 2956 quod
883 2881 913 2940 in
933 2879 1012 2940 omui
1028 2878 1136 2950 verbo,
1160 2879 1236 2957 quod
1259 2880 1347 2940 habet
1365 2899 1434 2960 par·
1451 2897 1498 2947 tlt
1565 2960 1567 2966 k

134 2982 267 3062 ticipium
294 2980 443 3060 praeteriti
473 2981 631 3060 temporis,
661 3000 696 3041 ex
719 2981 777 3041 hoc
795 2999 853 3061 per
874 2981 1126 3061 interpositionem
1148 3000 1183 3041 ru
1208 2981 1331 3041 iacimus
1354 2983 1433 3043 lutu·
1551 2966 1559 2979 ⁵

132 3104 215 3158 rum,
237 3092 269 3144 ut
286 3090 400 3143 amatus
418 3090 584 3154 amaturus,
605 3078 728 3165 dollctns
747 3082 904 3156 docturus,
927 3082 1023 3143 dictus
1043 3082 1048 3165 Ι
1068 3082 1215 3157 dicturds3
1241 3082 1285 3145 sic
1305 3089 1334 3143 et
1354 3084 1432 3145 latus

132 3189 264 3248 laturus:
293 3183 422 3265 exceptis
445 3184 564 3262 paucis,
591 3192 724 3245 mortuns
746 3183 926 3259 moriturus,
950 3184 980 3245 in
1003 3202 1061 3263 quio
1083 3182 1245 3245 secuudum
1268 3184 1431 3263 analogiam

131 3288 258 3349 moritus
293 3285 393 3346 debuit
426 3304 493 3345 esse
524 3285 724 3365 praeteritum.
767 3283 879 3345 nullum
914 3284 990 3345 euim
1028 3285 1213 3366 participium
1244 3286 1372 3364 geminat
1401 3306 1431 3347 u.

97 3388 269 3451 insimiliter
292 3366 371 3447 orioi
393 3395 475 3447 ortus
494 3387 623 3447 oriturus
645 3407 699 3467 pro
722 3394 857 3460 orturus,
881 3393 983 3467 partus
1007 3387 1168 3467 pariturus
1200 3396 1302 3449 erutus
1322 3388 1432 3449 eruitu-

131 3510 199 3563 rus,
223 3508 325 3550 cassus
351 3489 504 3549 cariturus.
551 3488 602 3549 sed
624 3490 698 3549 lmec
719 3506 836 3566 quoque
856 3488 885 3548 iu
908 3488 1018 3567 regulis
1037 3489 1191 3550 verborum
1214 3490 1300 3551 latius
1324 3497 1431 3549 tracta·

131 3593 236 3653 vimus.
282 3592 342 3652 Cur
368 3588 565 3670 impersonale
590 3608 649 3650 nnn
675 3588 763 3649 habet
784 3590 841 3649 boc
864 3588 1006 3649 verbum?
1034 3590 1108 3662 Ouia
1132 3591 1242 3651 nullum
1264 3592 1294 3653 in
1314 3610 1330 3651 r
1351 3592 1430 3652 desi·
1450 3609 1498 3661 115

131 3713 207 3756 nens
235 3700 357 3771 generat
384 3711 419 3752 ex
448 3711 480 3752 se
506 3690 719 3770 impersonale,
748 3691 776 3751 id
800 3698 845 3751 est
867 3710 923 3751 uec
945 3691 1095 3777 passivum
1118 3710 1172 3752 nec
1197 3711 1352 3753 commuue
1375 3712 1431 3753 nec

130 3797 301 3875 deponens,
322 3800 444 3873 excepto
468 3812 526 3853 uno
550 3793 709 3865 misereor,
731 3792 809 3872 quod
831 3792 954 3853 miseret
977 3792 1174 3873 impersonale
1196 3796 1265 3855 lacit
1293 3814 1327 3855 ex
1360 3814 1431 3855 cou-

96 3898 222 3958 aatrario
246 3896 361 3957 illorum
384 3913 458 3973 quae
479 3913 513 3954 ex
532 3894 633 3954 activis
649 3894 694 3953 vel
717 3894 829 3956 neutris
851 3876 1023 3956 nascuntur}
1057 3914 1124 3955 nam
1149 3896 1289 3976 pleraque
1312 3896 1431 3957 illorum

130 3999 176 4059 vel
200 3998 293 4077 magis
318 3994 573 4076 omniaexceptis
597 3996 701 4077 paucis
727 3995 872 4076 passivam
895 3996 1004 4057 babent
1030 3995 1254 4059 declinationem
1277 3998 1429 4060 tertiarum
1484 4010 1497 4023 ⁶

153 4336 163 4351 ,
200 4286 323 4338 Homini
341 4284 362 4335 S
382 4284 470 4335 remini
488 4282 516 4346 0,
534 4300 603 4334 corr¹
624 4284 713 4333 lamini
728 4284 750 4335 G
816 4284 951 4335 3seruaut
966 4294 1017 4337 tres
1035 4286 1145 4353 plurales
1159 4302 1284 4353 personne
1298 4297 1325 4341 ut
1344 4304 1430 4340 nmnre

128 4357 149 4407 S
206 4355 531 4408 bauramluidamemiui
551 4354 591 4405 OS
659 4356 799 4418 ‘lenmque
815 4364 919 4405 serunut
935 4364 986 4405 tres
999 4356 1110 4422 plurales
1124 4356 1186 4406 utS
1255 4358 1429 4410 ddnoenmini

128 4428 149 4477 S
218 4431 235 4475 u
250 4434 355 4477 seruant
375 4426 458 4492 prima
475 4425 587 4474 secuudn
603 4433 628 4475 et
646 4424 720 4474 tertia
738 4426 844 4491 pluralis
861 4432 887 4474 ut
904 4424 925 4475 G
945 4434 1049 4476 sorunut
1062 4426 1174 4493 plurales
1193 4442 1282 4479 omues
1297 4438 1324 4479 ut
1340 4428 1360 4478 S

131 4496 163 4548 10
184 4495 342 4564 legumiuiS
412 4497 441 4545 ll
463 4508 540 4556 quiam
559 4504 611 4544 tres
629 4494 740 4560 plurales
760 4494 951 4544 seruantutS
1024 4497 1054 4545 12
1076 4497 1226 4546 nstruinmini
1244 4498 1285 4549 OS
1355 4498 1386 4550 13
1403 4501 1429 4549 in

129 4568 227 4633 regalis
243 4562 400 4631 verbalibus]
415 4578 442 4628 p.
461 4562 527 4614 1317
594 4564 625 4613 ld
642 4563 751 4613 ruminor
766 4564 849 4613 feruor
865 4564 905 4613 uel
919 4563 1004 4615 fautor
1019 4567 1041 4617 G
1057 4564 1168 4615 lamiuor
1182 4566 1264 4619 lentot
1279 4568 1320 4619 uel
1336 4568 1430 4619 larritor

129 4648 277 4738 Glfmiuor
296 4668 381 4718 lentur
393 4669 435 4717 uel
450 4640 535 4731 lbntor
552 4666 573 4715 S
641 4666 672 4717 31
689 4682 779 4717 cassus
796 4668 838 4724 L«,-
852 4682 928 4720 casus
942 4669 1005 4719 CGS
1020 4670 1114 4721 caritas
1129 4670 1191 4725 Ain.
1252 4671 1283 4723 31
1304 4674 1429 4724 cariturus

120 4750 196 4790 'corr¹
216 4740 341 4789 casituma
357 4738 379 4788 G
449 4739 476 4787 iu
496 4737 594 4804 regulis
615 4735 761 4804 verborum]
775 4752 801 4800 p.
817 4738 870 4789 919
883 4754 939 4803 sqq.
955 4738 1007 4791 880
