3400 5325
242 250 304 315 394
789 248 999 320 pulsaturio

242 440 354 501 metris
378 438 525 505 Terentii
546 443 625 505 satis
647 439 750 505 multa
769 443 921 523 mutavit,
942 462 1031 528 quae
1046 464 1088 506 ex
1111 438 1390 525 codiceScaligeri
1408 448 1440 504 et
1453 440 1539 505 Bon-

242 540 345 623 garsii
373 541 546 605 emendata
571 563 644 607 esse
669 542 759 607 dicit.
805 564 880 607 nam
908 542 1103 607 Franciscns
1126 541 1297 623 Pithoeus,
1331 542 1388 629 qui
1418 541 1537 605 librum

241 643 592 727 praeexercitaminum
614 666 688 707 curn
710 644 785 708 aliis
807 644 849 709 de
873 654 942 708 arte
962 643 1124 709 rhetorica
1146 643 1239 708 libris
1262 642 1381 706 Latine
1407 644 1539 731 scriptis

243 741 348 806 edidit
367 764 398 807 a.
425 748 521 825 1599,
549 766 654 832 panea
673 748 828 826 mutavit,
857 768 939 832 quac
961 768 1026 810 non
1049 746 1172 831 recepit
1193 743 1378 809 Putschins.
1423 753 1538 830 postea

241 843 488 909 Fridericus
514 846 818 911 Lindemannus
846 848 988 911 minores
1018 846 1178 910 Prisciani
1206 845 1325 928 libros,
1359 846 1393 908 in
1420 844 1538 930 quibus

243 966 331 1009 nunc
352 968 536 1029 versamur,
558 970 669 1013 ornnes
691 958 829 1035 excepto
851 947 925 1033 illo,
948 948 1003 1035 qui
1026 956 1076 1012 est
1098 946 1138 1011 de
1158 948 1288 1012 nomine
1302 955 1335 1012 et
1349 947 1538 1031 pronomine

242 1056 276 1109 et
296 1044 408 1131 verbo,
434 1064 477 1112 ex
495 1046 664 1112 codicibus
686 1049 904 1115 Leidensibus
927 1050 1114 1115 emendatos
1137 1047 1242 1112 edidit
1263 1048 1418 1133 Lugduni
1441 1048 1537 1111 Bata-

241 1170 356 1211 vorum
379 1170 409 1213 a.
436 1152 527 1214 1818.
571 1151 601 1213 is
623 1160 731 1214 autem
754 1161 883 1238 praeter
906 1152 987 1216 dnos
1009 1150 1138 1214 codices
1164 1171 1184 1211 a
1214 1171 1265 1215 me
1296 1171 1424 1235 quoque
1447 1168 1537 1211 usur·

240 1258 352 1335 patos,
379 1250 574 1315 Vossianum
601 1253 650 1315 12.
663 1257 693 1335 8,
715 1276 811 1339 quem
834 1252 866 1316 D
890 1252 981 1330 dicit,
1011 1260 1044 1315 et
1064 1252 1259 1316 Vossianum
1280 1254 1331 1314 33.
1345 1256 1375 1331 4,
1399 1252 1432 1313 in
1455 1249 1537 1314 libro

243 1350 285 1413 de
302 1351 417 1436 figuris
437 1356 647 1417 numerorum
667 1362 701 1417 et
722 1356 755 1417 in
778 1352 1149 1442 praeexercitaminibus
1171 1374 1249 1415 usus
1274 1360 1323 1415 est
1341 1352 1437 1417 tertio
1461 1352 1538 1415 item

242 1450 407 1518 Vossiano
432 1457 479 1516 15.
501 1456 519 1517 8
543 1454 674 1521 saeculo
701 1455 873 1520 undecimo
901 1455 1038 1540 scripto,
1070 1455 1127 1540 qui
1153 1455 1216 1539 ipsi
1241 1453 1269 1517 V
1296 1462 1363 1537 est;
1397 1454 1451 1517 cui
1478 1472 1538 1536 ego

192 1627 197 1637 ι
242 1553 366 1616 nnllam
391 1553 488 1618 fidem
515 1555 698 1647 habendam
725 1559 849 1643 putavi.
900 1565 950 1621 est
972 1557 1057 1621 euim
1082 1554 1294 1641 neglegenter
1319 1555 1476 1641 scriptus,
1505 1561 1537 1615 et

241 1654 345 1718 multa
367 1664 489 1721 temere
512 1667 638 1721 mutata
660 1667 747 1722 sunt.
786 1668 930 1723 ceterum
948 1656 1210 1738 Lindemannus,
1228 1677 1421 1742 quamquam
1438 1652 1539 1718 multa

241 1764 375 1843 propter
396 1756 574 1823 bonitatem
597 1758 770 1841 librorum,
801 1759 921 1845 quibus
941 1780 1020 1823 usus
1044 1767 1110 1839 est,
1146 1768 1234 1821 recte
1257 1756 1458 1837 emendavit,
1490 1764 1537 1818 ta-

241 1878 333 1939 men,
363 1861 440 1943 quia
461 1882 566 1945 neque
588 1860 747 1925 librorum
770 1870 918 1925 naturam
941 1861 1070 1945 ponitus
1095 1868 1309 1945 perspexerat
1337 1867 1370 1922 et
1391 1870 1538 1921 veterum

241 1956 424 2022 editionum
447 1964 641 2026 auctoritate
669 1962 859 2045 tenebatur,
893 1982 990 2049 saepe
1015 1982 1035 2024 a
1065 1982 1142 2026 vero
1171 1959 1346 2024 aberravit.
1398 1957 1538 2043 denique

241 2058 434 2125 Krehlius
456 2066 588 2127 omnino
602 2064 820 2129 Lindemanni
843 2064 1029 2150 exemplum
1053 2070 1184 2127 secutus
1202 2070 1259 2125 est.
1296 2080 1401 2146 noque
1417 2059 1536 2123 Gais-

240 2158 420 2242 tordius,
444 2165 501 2249 qni
522 2162 641 2229 librum
663 2166 704 2229 de
725 2167 838 2231 metris
860 2164 1004 2230 Terentii
1027 2165 1113 2228 inter
1136 2163 1310 2248 scriptores
1332 2160 1469 2225 Latinos
1491 2162 1539 2225 rei

240 2262 395 2325 metricae
417 2264 537 2345 edidit,
568 2267 743 2353 quicquam
762 2266 941 2354 praestitit,
979 2266 1037 2331 sed
1059 2286 1185 2331 omnem
1212 2263 1331 2329 librum
1358 2264 1423 2346 sic,
1455 2272 1491 2326 ut
1519 2284 1539 2325 a

241 2360 467 2427 Lindemanno
488 2366 595 2430 editus
619 2377 703 2447 erat,
726 2370 890 2456 repetivit.

325 2463 379 2528 De
400 2466 552 2550 consilio,
574 2469 661 2554 qnod
683 2471 718 2534 in
740 2470 792 2534 his
810 2469 903 2533 tibris
924 2466 1105 2533 scribendis
1121 2467 1309 2531 Priscianus
1328 2472 1459 2530 secutus
1477 2474 1536 2544 cst,

240 2586 346 2650 pauca
368 2564 486 2637 dicam.
530 2592 606 2633 nam
627 2571 714 2657 quod
736 2573 771 2635 in
797 2569 1057 2636 institutionibus
1085 2568 1147 2633 sibi
1177 2576 1408 2655 proposuerat,
1433 2575 1470 2632 ut
1500 2588 1539 2630 ca

241 2687 326 2752 qnae
344 2689 365 2731 a
382 2669 520 2734 Graecis
538 2675 761 2756 grammaticis
783 2673 918 2737 inventa
942 2680 1036 2737 erant
1061 2671 1104 2735 ad
1126 2693 1220 2735 usum
1244 2671 1384 2734 Latinae
1406 2668 1537 2754 linguae

241 2779 447 2836 converteret
465 2781 499 2837 et
520 2795 603 2860 qnae
626 2784 713 2840 esset
734 2777 905 2861 utriusque
928 2775 1087 2838 sermonis
1112 2775 1264 2858 cognatio
1279 2781 1311 2836 et
1330 2761 1537 2836 necessitudo

243 2869 390 2953 doceret,
420 2873 506 2937 idem
528 2877 633 2939 tenuit
647 2877 688 2940 ,in
710 2877 772 2940 his.
817 2899 894 2940 nam
915 2876 950 2939 in
971 2874 1055 2938 libro
1079 2873 1119 2938 de
1145 2874 1259 2960 figuris
1281 2893 1489 2938 numerorum
1507 2881 1539 2936 et

242 2971 332 3056 ipsas
354 2984 464 3058 notas,
487 2976 604 3062 quibus
627 2980 755 3042 numeri
774 2976 1054 3063 significarentur,
1075 2998 1094 3039 a
1110 2975 1248 3040 Graecis
1263 2973 1440 3038 translatas
1455 2995 1537 3054 esse,

241 3095 398 3158 perverso
420 3098 499 3143 sane
520 3078 642 3143 iudicio
664 3101 759 3162 nans,
788 3080 1010 3144 demonstrare
1033 3084 1169 3141 conatus
1197 3086 1247 3140 est
1274 3086 1321 3157 et,
1352 3097 1435 3161 qnae
1456 3075 1538 3138 ratio

241 3173 327 3238 inter
353 3197 502 3244 nummos
531 3188 563 3243 et
594 3169 987 3266 pondera'Romsnorum
1017 3201 1054 3244 ac
1083 3179 1283 3244 Graecorum
1311 3174 1538 3256 intercederet,

243 3279 406 3361 exposuit.
450 3279 569 3366 quibus
591 3283 625 3346 in
645 3283 742 3346 rebus
764 3304 848 3369 quae
871 3282 912 3345 de
935 3279 1136 3345 Graecorum
1165 3278 1401 3344 consuetudine
1430 3277 1539 3363 dispu-

241 3379 339 3459 tavit,
362 3402 474 3444 eornm
495 3384 670 3446 maximam
693 3392 818 3470 partem
838 3405 880 3446 ex
897 3381 1045 3446 Dardani
1067 3380 1151 3445 libro
1173 3376 1249 3463 περὶ
1269 3377 1431 3461 σταθμῶν
1451 3399 1539 3441 rece·

241 3479 305 3564 pit,
329 3500 425 3566 quem
447 3483 496 3546 bis
519 3484 590 3570 ipse
610 3486 793 3549 nominavit
814 3507 845 3570 p.
871 3488 950 3550 1347
973 3493 1006 3548 et
1029 3485 1123 3564 1349,
1145 3481 1245 3566 semel
1269 3480 1409 3546 Ioannes
1425 3477 1538 3565 Lydus

243 3579 408 3650 demens.
432 3605 464 3669 p.
487 3588 545 3666 56,
564 3587 605 3647 22
628 3585 679 3650 ed.
702 3586 823 3666 Boon,
853 3575 931 3648 ddi
952 3578 1145 3666 Δαρδάνιος
1173 3583 1269 3668 (nam
1298 3583 1345 3644 sic
1370 3579 1417 3643 ibi
1440 3579 1540 3664 scrip·

241 3689 311 3746 tum
334 3685 405 3771 est)
428 3682 466 3748 ἐν
487 3685 533 3773 τῷ
551 3683 628 3766 περὶ
648 3685 810 3770 σταθμῶν
837 3688 954 3768 χιλίων
976 3678 1109 3768 ὀβόλων
1138 3681 1226 3766 λέγει
1251 3675 1355 3746 πάλαι
1381 3679 1541 3763 γενέσθαι

242 3775 281 3846 rd
300 3786 505 3868 potenciores
532 3784 589 3852 καὶ
614 3779 680 3851 dud
708 3786 766 3870 τῆς
786 3781 935 3869 χιλιάδος
960 3786 1028 3851 τῶν
1052 3778 1186 3868 ἀβόλων
1213 3776 1321 3859 οὕτως
1348 3774 1542 3865 ὀνομασθῆ-

241 3907 317 3963 ναι;
338 3896 524 3974 praeterea,
556 3888 643 3975 quod
663 3890 784 3972 sciam,
807 3911 913 3952 nemo.
960 3889 1017 3953 sed
1047 3909 1090 3952 ex
1116 3889 1157 3950 iis
1184 3907 1269 3973 quae
1289 3884 1403 3973 Lydus
1434 3883 1541 3947 adfert

242 3986 402 4073 adparere
424 3999 502 4076 puto
523 3990 687 4055 inferior-is
709 3992 828 4054 aetatis
848 3992 1038 4076 scriptorem
1061 3998 1093 4053 et
1116 3990 1174 4054 vix
1197 3994 1312 4074 quarto
1333 3983 1465 4049 saeculo
1485 4007 1540 4048 en-

242 4089 416 4173 tiquiorem
438 4111 519 4156 esse.
562 4090 751 4156 Latinorum
778 4101 888 4156 autern
914 4093 1105 4178 scriptorum
1136 4088 1286 4174 exempla
1307 4088 1377 4173 ipse
1400 4085 1540 4149 Priscia-

242 4209 305 4252 nus
326 4193 536 4275 conposuisse
557 4193 698 4258 videtur.
743 4192 862 4258 deinde
885 4195 919 4256 in
940 4191 1025 4257 libro
1046 4193 1087 4256 de
1111 4190 1221 4255 metris
1243 4187 1390 4252 Terentii
1412 4187 1445 4250 id
1463 4187 1540 4270 egit,

243 4298 280 4353 ut
299 4289 431 4355 fabulas
452 4301 600 4357 veterum
629 4302 663 4358 et
682 4295 825 4359 maxime
846 4293 1008 4375 Terentii,
1045 4295 1079 4356 in
1106 4314 1169 4378 quo
1193 4293 1263 4355 eius
1291 4289 1407 4353 aetatis
1432 4285 1541 4352 studia

242 4391 474 4475 versabantur,
507 4393 659 4460 versibus
681 4397 819 4484 scriptas
842 4417 915 4460 esse
935 4395 1188 4475 demonstraret,
1221 4415 1285 4457 non
1307 4389 1452 4476 pedestri
1477 4409 1539 4452 ser·

243 4515 355 4576 mone,
376 4517 441 4580 qna
463 4495 504 4561 de
525 4519 561 4560 re
583 4498 648 4561 iam
670 4505 747 4562 ante
762 4497 969 4562 Priscianum
990 4494 1133 4560 dubitari
1153 4503 1301 4580 coeptum
1317 4513 1389 4556 esse
1404 4498 1541 4555 constat.

244 4594 456 4661 illudentem
477 4599 525 4662 sic
545 4600 702 4680 instituit,
724 4607 761 4662 ut
781 4598 967 4663 libertatem
988 4596 1154 4684 quandam
1175 4617 1194 4658 a
1217 4593 1353 4659 Graecis
1376 4599 1541 4676 acceptam

246 4697 282 4761 in
303 4695 442 4760 effusum
464 4697 615 4764 licentiae
637 4702 780 4788 spatium
803 4701 971 4765 dilatatam
995 4719 1082 4779 esse,
1102 4705 1139 4760 ut
1161 4697 1224 4779 ait,
1247 4717 1267 4759 a
1287 4693 1417 4758 Latinis
1438 4692 1542 4778 poetis
