3400 5325
140 245 164 294 ·.
231 262 443 325 vasnrvrvo
466 261 516 322 on
537 261 683 323 nonina
707 262 758 324 nr
772 261 995 324 anononuvn
1016 261 1066 324 nr
1086 213 1220 324 vanno.
1247 271 1355 324 n-aa
1399 259 1460 320 aaa

217 390 240 430 p.
257 377 312 418 tarn.
326 376 372 419 av.
1249 387 1269 428 p.
1284 375 1329 414 tut.
1343 373 1409 432 blnll.

166 449 285 509 dacum
312 447 355 508 vel
383 467 416 525 ys
438 448 548 509 Graeca
579 447 682 508 tertiae
707 456 778 510 suat
804 447 1024 522 declinationis,
1051 457 1084 509 ut
1112 447 1160 509 hic
1186 448 1240 508 llos
1261 446 1348 507 buius
1370 445 1460 513 ilaris,

167 549 216 610 hic
242 566 336 628 nepos
362 548 449 608 huius
476 547 608 628 nepotis,
637 549 711 609 haec
731 549 785 609 dos
806 549 893 610 buius
914 547 1006 622 dotis,
1034 549 1083 610 hic
1104 558 1134 610 et
1155 549 1228 610 haec
1252 555 1352 608 custos
1373 545 1461 608 huius

168 649 309 721 custodis,
327 648 376 708 hie
395 649 484 710 heros
503 648 592 711 huius
613 649 720 720 herois,
740 651 813 711 haec
826 649 931 729 Erinys
952 649 1039 712 huius
1054 649 1178 730 Erinyis.
1212 648 1263 710 sed
1287 649 1324 708 de
1341 647 1461 728 paenul-

168 751 245 811 timis
273 767 375 811 eonnn
397 757 427 810 ct
448 749 571 810 aliorum
594 751 724 812 omnium
752 750 782 811 in
810 759 892 812 sexto
912 751 987 813 libro
1011 752 1047 812 de
1071 751 1190 812 nomine
1212 750 1343 812 invenies
1363 750 1460 823 latius,

139 860 200 912 sut
228 869 317 931 supra
340 850 452 924 dictum
474 860 529 912 est.
574 851 604 911 in
632 869 683 912 aes
710 851 753 912 vel
776 852 806 912 in
828 871 882 913 aus
905 851 1104 932 diphthongos
1127 851 1288 914 desinentia
1313 861 1341 912 ct
1363 851 1460 911 omnia

166 952 291 1031 quaein
313 949 387 1012 duas
402 961 600 1013 consonantes
621 950 770 1034 desilnunt
792 954 896 1014 tertiae
924 961 993 1014 suut
1012 953 1231 1027 declinationis,
1253 964 1285 1014 ut
1306 953 1353 1014 hic
1374 971 1461 1032 praes

167 1054 254 1114 huius
282 1052 416 1132 praedis,
443 1053 500 1114 boc
528 1071 578 1114 aes
605 1053 693 1114 huius
721 1055 813 1129 aeris,
841 1056 915 1116 haec
939 1056 1019 1116 lraus
1039 1054 1126 1116 huius
1149 1052 1273 1127 fraudis,
1302 1055 1375 1114 haec
1396 1053 1460 1114 lans

165 1155 253 1216 huius
271 1154 382 1229 laudis,
403 1154 477 1214 haec
498 1173 548 1214 arr
572 1153 661 1216 huius
684 1156 779 1231 arcis,
801 1157 876 1217 haec
898 1175 946 1218 ars
967 1157 1055 1218 huius
1078 1155 1163 1230 artis,
1193 1155 1240 1216 hic
1262 1174 1348 1217 mons
1373 1155 1460 1217 buius

166 1256 283 1318 montis.

133 1376 158 1414 m
252 1355 362 1426 Quarta
390 1355 547 1416 declinatio
575 1357 649 1418 duas
679 1357 768 1419 habet
794 1359 1030 1434 terminationes,
1060 1377 1094 1420 us
1120 1365 1149 1420 et
1173 1377 1207 1434 u;
1236 1357 1265 1420 ia
1288 1378 1323 1420 us
1343 1359 1459 1438 quidem
1477 1373 1512 1425 ιο

167 1456 393 1518 masculinorum
417 1465 446 1516 ct
475 1458 702 1533 femininorum,
722 1460 752 1519 in
781 1480 799 1519 u
823 1480 892 1522 vero
914 1469 1102 1536 neutrorum,
1132 1471 1163 1521 ut
1186 1461 1233 1521 hic
1257 1458 1352 1521 vultus
1374 1460 1461 1522 herlus

166 1559 279 1631 vultus,
307 1558 381 1618 haec
409 1576 514 1619 manus
542 1558 630 1619 huius
651 1577 777 1633 manus,
800 1561 857 1622 hoc
879 1581 955 1640 genn
979 1562 1064 1622 huius
1087 1581 1173 1640 genu.
1218 1561 1277 1644 scd,
1292 1561 1321 1622 in
1344 1581 1380 1622 us
1404 1570 1462 1623 tar-

166 1660 342 1720 minatorum
367 1659 499 1738 regulam
526 1660 663 1740 superius
686 1663 890 1734 tractavimus,
922 1662 1038 1740 quanda
1061 1662 1098 1723 de
1129 1663 1257 1723 secunda
1283 1661 1461 1722 docebamus

167 1761 379 1822 declinatione:
404 1761 434 1822 iu
455 1781 474 1822 u
497 1780 568 1822 vero
589 1761 752 1823 desinentia
776 1771 879 1823 neutra
907 1762 1095 1824 inveniuntur
1115 1762 1326 1824 indeclinabilia
1350 1763 1379 1823 in
1402 1763 1462 1823 sia·

134 1862 260 1940 regulari
276 1879 416 1935 numero,
441 1861 471 1922 in
489 1862 596 1941 plurali
614 1881 684 1924 vero
707 1863 869 1924 secundum
893 1873 1025 1942 quartam
1046 1864 1269 1924 declinationem
1293 1865 1460 1926 flectuntur.

251 1963 360 2034 Quinta
377 1962 534 2024 declinatio
556 1982 644 2026 unam
666 1963 755 2025 habet
777 1965 1010 2025 tenninationem
1033 1965 1068 2025 ιιι
1085 1985 1116 2026 es
1136 1965 1325 2045 prodactam,
1348 1964 1385 2025 de
1402 1983 1458 2043 qua
1477 1981 1505 2028 ιι

167 2065 304 2146 superius
324 2063 524 2137 ostendimus,
546 2065 664 2142 quando
685 2065 723 2126 de
745 2067 829 2126 tertia
851 2063 1095 2149 disserellbamus.

251 2165 364 2227 Primae
385 2164 591 2226 declinationis
612 2165 764 2244 genetiuis
781 2175 811 2226 et
832 2167 946 2228 dativus
969 2167 1125 2246 singularis
1150 2167 1179 2228 ia
1199 2185 1234 2228 ae
1258 2166 1461 2247 diphthongon

166 2267 290 2342 desinit,
310 2276 343 2328 ut
364 2264 451 2327 buius
474 2275 503 2326 et
526 2266 597 2327 huic
617 2276 737 2347 poetae,
759 2267 943 2328 accusativus
967 2268 995 2328 in
1017 2287 1080 2342 am,
1103 2277 1134 2330 ut
1155 2268 1234 2330 bunc
1255 2277 1388 2349 poetam,
1412 2289 1462 2330 vo·

132 2368 277 2432 accadens
303 2377 333 2428 et
354 2367 497 2429 ablativus
518 2369 548 2428 in
571 2387 603 2442 a,
633 2377 706 2430 uto
732 2379 761 2429 et
782 2369 819 2430 ab
842 2370 900 2429 hoc
922 2378 1022 2448 pocta,
1044 2370 1240 2430 nominativus
1263 2379 1292 2431 et
1314 2371 1461 2432 vocativus
1477 2381 1510 2430 ιι

166 2467 287 2550 pluralis
301 2469 331 2530 in
351 2487 387 2530 ae
399 2468 619 2547 diphthongon,
635 2477 668 2530 ut
690 2470 719 2531 hi
740 2478 771 2531 ct
786 2490 804 2530 o
822 2477 943 2550 poetae,
966 2471 1117 2548 genetivus
1140 2472 1169 2532 in
1191 2489 1290 2546 arum,
1309 2480 1341 2531 ut
1356 2472 1461 2532 borum

166 2578 335 2650 poetarum,
364 2569 478 2630 dativus
508 2577 537 2629 et
557 2568 700 2632 ablativus
725 2572 754 2632 ia
781 2573 822 2645 is,
845 2581 878 2632 ut
900 2571 946 2634 his
969 2580 999 2632 ct
1021 2571 1056 2632 ab
1077 2572 1122 2632 his
1147 2573 1256 2651 poetis:
1278 2571 1461 2634 differentiae

166 2690 254 2733 caasa
278 2680 418 2733 acuatur
443 2672 555 2735 deabus
583 2672 698 2733 filiabus
722 2674 846 2735 natabus
868 2674 1000 2752 equabus
1023 2672 1162 2735 asinabus
1186 2674 1321 2736 mulabus
1351 2676 1462 2735 auima-

166 2772 237 2834 bus:
265 2773 450 2835 accusativus
481 2774 511 2834 in
540 2792 588 2848 as,
618 2783 650 2835 ut
677 2774 732 2835 hos
761 2784 872 2855 poetas.
918 2775 1074 2836 sciendum
1104 2782 1297 2849 esttamen,
1323 2776 1401 2852 quod
1430 2776 1460 2835 in
1476 2783 1510 2835 23

131 2875 289 2939 asGraecis
317 2874 485 2937 nominibus
514 2882 561 2935 est
589 2874 707 2953 quando
737 2876 856 2936 Graecis
889 2884 1011 2936 utuntur
1044 2875 1297 2937 terminationibus
1326 2885 1461 2937 auctores

166 2994 220 3056 per
237 2976 370 3038 diversos
392 2994 481 3036 casus
503 2982 561 3035 tam
584 2974 751 3054 singulares
772 2996 860 3055 quam
882 2976 1010 3057 plurales
1029 2991 1054 3043 atr
1074 2976 1265 3057 protulerunt.

251 3077 406 3139 Secundae
429 3076 636 3137 declinationis
662 3076 814 3154 genetivus
843 3078 872 3139 in
900 3078 908 3138 i
939 3077 1062 3151 desinit,
1091 3086 1123 3139 at
1151 3078 1199 3139 hic
1228 3096 1352 3157 magnus
1374 3077 1461 3139 buius

167 3179 281 3257 magni,
309 3178 423 3239 dativus
450 3186 480 3239 et
505 3177 650 3239 ablativus
678 3179 708 3239 in
730 3198 748 3239 o
775 3180 964 3258 quovluctam,
994 3188 1025 3239 ut
1048 3179 1116 3240 huic
1145 3190 1174 3241 et
1199 3179 1235 3240 ab
1263 3180 1320 3241 hoc
1344 3198 1460 3257 magno,

167 3280 351 3341 accusativus
369 3279 398 3340 iu
420 3298 484 3353 um,
507 3288 541 3340 ιιι
560 3280 640 3340 barne
662 3298 816 3357 magnum,
838 3280 896 3341 nisi
916 3281 976 3341 sint
995 3288 1113 3355 neutra,
1132 3298 1256 3359 quorum
1276 3282 1461 3343 accvvsativus

129 3381 275 3459 avubique
291 3380 425 3458 sequitur
442 3400 529 3443 suurn
545 3381 769 3455 nominativum,
792 3390 825 3443 ut
842 3382 901 3443 hoc
917 3382 1053 3461 pelagus,
1071 3382 1127 3442 hoc
1146 3382 1278 3460 laquear:
1301 3384 1458 3457 vocativus,
1478 3389 1512 3437 24

165 3482 284 3560 quando
305 3481 499 3543 nominativus
520 3481 549 3541 in
573 3500 588 3541 r
610 3483 654 3542 vel
676 3482 707 3543 in
730 3502 758 3543 vn
779 3482 904 3557 desinit,
932 3482 1036 3544 similis
1058 3484 1113 3545 erit
1137 3484 1179 3556 ei,
1206 3494 1237 3545 ιιι
1260 3486 1307 3545 hic
1331 3486 1373 3545 vir
1395 3494 1424 3545 et
1443 3506 1463 3546 o

166 3584 224 3655 vir,
247 3582 303 3643 hoc
326 3581 468 3661 templum
491 3591 521 3642 et
545 3602 563 3643 o
585 3582 742 3663 templum:
771 3586 889 3663 quando
912 3604 980 3644 vero
1002 3585 1031 3644 in
1054 3584 1100 3646 ius
1122 3586 1238 3660 linitur,
1266 3586 1290 3647 si
1313 3587 1373 3647 sint
1394 3606 1462 3666 pro-

167 3685 229 3765 pria
255 3683 390 3756 nomina,
420 3682 534 3744 abiecta
561 3703 596 3745 us
618 3686 650 3745 tlt
673 3686 836 3755 vocativus,
860 3692 892 3747 ut
921 3685 970 3747 lvio
993 3684 1128 3763 Virgilius
1150 3706 1167 3747 o
1191 3687 1304 3765 Virgili,
1334 3686 1382 3747 hic
1406 3688 1461 3749 'le-

166 3784 279 3845 rentius
305 3802 324 3843 o
345 3782 473 3845 Terenti.
518 3784 547 3845 in
577 3785 643 3848 aliis
669 3805 739 3847 vero
763 3786 933 3849 nominibus
956 3786 985 3847 in
1005 3806 1040 3848 us
1056 3786 1218 3848 terminatis
1238 3788 1408 3869 maritatione
1425 3808 1461 3849 us

130 3886 199 3947 asin
218 3905 235 3946 e
257 3886 289 3945 tlt
310 3885 474 3959 vocativus,
493 3892 526 3946 nt
542 3886 589 3947 hic
605 3906 728 3967 magnus
746 3906 901 3966 omagne,
920 3888 1050 3950 sociuso
1073 3888 1161 3949 socie.
1206 3890 1352 3950 invenitur
1369 3906 1458 3949 unum
1477 3900 1511 3949 ab

140 4135 149 4144 ·
237 4108 250 4157 l
271 4104 310 4155 vel
326 4101 366 4170 gs]
387 4104 429 4153 tvel
449 4117 498 4155 ore
517 4106 539 4155 0
588 4107 605 4155 2
626 4098 724 4173 nepotis
741 4108 788 4157 dos
804 4106 872 4158 dotia
891 4116 977 4159 custos
992 4108 1106 4160 custodis
1126 4109 1165 4159 hic
1184 4124 1258 4160 aeros
1276 4108 1352 4159 lanius
1371 4124 1460 4176 aerogs

166 4176 229 4227 haec
242 4190 315 4226 neres
333 4174 410 4223 buius
427 4175 509 4225 aereis
525 4174 554 4234 Ο,
571 4180 687 4227 corr-emit
704 4190 721 4233 ς
777 4178 807 4226 17
825 4178 1022 4243 disserebamus,
1042 4189 1069 4229 ut
1088 4180 1206 4229 uveridics
1225 4180 1256 4229 ei.
1277 4178 1339 4229 haee
1353 4179 1461 4229 dicenda

165 4256 225 4295 suut
247 4245 280 4293 de
305 4243 415 4307 obliquis
439 4245 541 4293 casibus
565 4247 668 4307 quintae
692 4247 1037 4313 declinationis.primae5
1063 4249 1269 4305 disserebamus,
1296 4258 1321 4297 ιιι
1340 4250 1460 4299 meridies

165 4314 288 4364 meridici.
326 4310 385 4361 hine
401 4313 434 4361 dc
453 4313 561 4377 obliquis
584 4316 685 4365 casiam
705 4317 816 4379 quiaque
835 4316 1032 4367 declinationum
1051 4318 1198 4368 docebimus
1217 4318 1279 4367 Atd.
1298 4318 1323 4367 ia
1342 4318 1363 4368 0
1387 4322 1461 4369 arrius

164 4400 255 4434 verear
272 4384 379 4445 spatium
395 4385 470 4447 quael
486 4384 605 4434 rubricae
616 4386 752 4447 paneadae
766 4401 845 4435 roura
857 4389 970 4435 relictum
986 4396 1026 4437 est
1094 4390 1128 4437 22
1147 4388 1229 4451 poetis
1249 4386 1387 4437 foeminina
1405 4403 1458 4437 mo·

166 4454 253 4503 biliam
277 4452 356 4501 duum
379 4466 502 4517 generum
528 4468 593 4515 quac
621 4455 769 4503 naturaliter
793 4456 897 4505 mobilia
926 4456 1084 4507 differentiae
1109 4470 1185 4505 causa
1217 4465 1336 4506 notantur
1362 4456 1460 4508 deabus

166 4522 266 4572 liliabas
291 4521 398 4569 natabus
420 4522 533 4583 eqvvabus
557 4523 674 4573 mulabus
697 4524 864 4579 animabuss·
934 4528 968 4576 '25
986 4534 1025 4576 est
1047 4525 1181 4589 qnandos'
1205 4533 1229 4574 et
1252 4526 1393 4589 qunvnloG

164 4590 200 4642 aa
218 4604 293 4656 quam
311 4589 424 4655 plurales
440 4597 468 4639 ιιι
486 4588 562 4641 huius
581 4591 692 4641 familias
707 4594 822 4657 genitiuo
840 4608 902 4643 casu
922 4594 997 4645 latiuc
1017 4604 1101 4645 autern
1121 4592 1197 4643 liuius
1216 4593 1335 4644 famniae.
1363 4594 1459 4645 Scotin-

165 4661 214 4710 dae
232 4675 262 4717 ς.
280 4660 397 4710 videatur
407 4660 537 4711 eoeeidrbre
550 4663 668 4723 exempto
682 4663 837 4713 Graecorvua
855 4664 1068 4729 terrainadonvun,
1087 4666 1120 4713 de
1138 4665 1226 4728 quidus
1239 4666 1264 4714 in
1281 4664 1382 4715 curribus
1398 4666 1460 4717 obti-

166 4733 223 4797 qur’a
238 4730 336 4795 parim
353 4728 527 4779 deminum
542 4732 612 4781 derit
623 4730 773 4783 Proernam
782 4747 810 4795 p.
825 4731 878 4783 tau
891 4748 948 4799 aqq.
1018 4734 1052 4786 34
1071 4730 1226 4799 nominibus]
1247 4733 1365 4782 omuibus
1384 4747 1401 4789 ς
