3400 5325
242 104 257 134 ,
424 110 427 117 ,

242 192 305 255 522
778 192 992 277 [l‘lllSClle]

293 326 315 363 μ.
329 310 386 351 ιιιι.
401 310 424 351 ιι
442 310 465 351 r.
1316 318 1337 359 p.
1353 307 1443 347 ιιι-ιι
1458 306 1485 347 ιι.

242 382 404 462 composita
431 400 498 441 veru
528 379 651 441 eandem
677 379 734 441 sibi
760 378 1027 459 pronuntiationem
1055 379 1231 448 detendunt,
1257 398 1346 457 equam
1374 378 1487 439 babent
1507 379 1538 439 in

243 480 443 562 simplicitate,
473 490 506 542 ut
535 483 661 542 educam
689 482 856 558 trinsluga:
880 480 910 541 lu
934 480 1012 540 enim
1036 480 1067 541 in
1090 480 1276 560 simplicitate
1298 480 1397 542 brevis
1422 490 1486 553 est,
1508 488 1538 541 et

243 583 309 645 ideo
338 585 485 661 transfuga
515 592 544 643 et
570 602 629 643 nun
657 581 807 660 transiriga
835 581 970 643 dicimus.
1015 582 1160 643 homicida
1190 599 1308 659 quoquc
1335 590 1365 643 et
1391 581 1538 662 parricida

243 685 309 747 ideo
336 685 452 763 longam
482 684 511 746 in
534 685 543 745 i
565 683 742 764 paenultima
772 683 986 761 habent‚quia
1010 683 1164 762 elongem
1189 684 1217 743 in
1241 684 1249 743 i
1270 684 1442 763 productam
1465 702 1538 743 con·

196 793 226 843 15
245 794 368 847 vertunt.
401 787 562 867 corpposita
582 805 598 847 a
619 804 693 846 canu
708 783 918 864 paenultimam
937 785 1116 866 corripiunt:
1142 785 1285 864 excipitur
1307 784 1433 859 tibicen,
1457 785 1557 864 (quode

243 888 408 968 euphoniae
436 906 524 948 carisa
555 906 609 967 pru
638 886 753 947 ‹luabus
777 886 798 947 ii
823 886 961 948 brevibus
989 904 1077 947 unam
1105 892 1192 947 sonat
1226 885 1354 965 longam.
1399 894 1540 947 notantur

243 998 340 1075 auterp
363 990 518 1069 pleraque,
541 1006 616 1066 quac
635 988 644 1049 i
663 988 792 1049 vocalem
815 988 932 1066 longam
955 988 1064 1049 liabent
1085 996 1154 1049 ante
1177 986 1324 1061 vocalem,
1353 994 1384 1047 ut
1407 987 1540 1067 pbiloso-

244 1092 312 1173 pbia
340 1091 445 1171 Papia,
472 1089 716 1168 quemadmodum
730 1094 833 1150 'unum
867 1090 987 1151 verbum
1018 1092 1072 1162 lio,
1093 1088 1173 1167 quod
1197 1088 1292 1149 solum
1312 1088 1407 1151 iente
1429 1109 1447 1149 o
1470 1107 1539 1168 pro-

243 1194 360 1255 ductam
391 1192 488 1252 habet.
533 1190 600 1251 ideo
627 1199 724 1252 autem
747 1190 872 1251 diximus
898 1190 1051 1269 pleraque,
1076 1190 1144 1269 quia
1165 1190 1262 1251 omnia
1284 1190 1294 1249 i
1318 1188 1446 1252 vocalem
1468 1197 1539 1251 ante

243 1295 370 1355 vocalem
394 1292 529 1355 babentia
551 1291 580 1353 in
604 1292 850 1372 antepaeuultima
872 1300 986 1353 ueniant
1008 1302 1177 1366 accentum,
1200 1300 1233 1353 ut
1251 1292 1373 1353 Venetia
1388 1291 1536 1353 blarcellia
1551 1312 1575 1351 ro

243 1396 335 1457 Aricia
362 1394 509 1456 Placentia
534 1394 660 1455 Ausonia
688 1394 815 1455 Turonis
845 1393 965 1455 Colonia
992 1392 1088 1453 Brixia
1110 1393 1245 1453 Sardinia
1266 1394 1408 1455 'leutonia
1431 1404 1460 1453 et
1489 1393 1538 1455 illa

243 1498 369 1579 quaein
393 1497 430 1556 tin
454 1496 607 1569 liniuntur,
631 1503 662 1555 ul
692 1494 800 1555 iustitia
823 1494 966 1573 sapientia
990 1495 1144 1556 maestitia.
1189 1496 1265 1556 banc
1287 1504 1384 1557 autern
1406 1496 1538 1572 regulam

243 1608 384 1661 secuntur
405 1598 502 1659 omnia
531 1614 605 1675 quac
628 1596 672 1658 sic
687 1584 844 1657 'finiuntur
874 1604 991 1675 praeter
1011 1596 1060 1657 illa
1088 1612 1163 1673 quae
1186 1616 1274 1676 supra
1297 1597 1439 1669 diximus,
1462 1614 1539 1674 quae

195 1712 227 1765 tu
246 1701 299 1762 alia
320 1700 501 1761 dillerentiae
524 1690 635 1771 causa,
651 1698 705 1759 alia
728 1697 791 1759 solo
812 1716 868 1758 usu
884 1698 1120 1777 pronuntiantur.
1147 1698 1332 1777 excipiuntur
1353 1697 1430 1759 illius
1452 1699 1540 1759 istius

243 1802 351 1883 ipsius,
371 1802 495 1877 genetivi
520 1800 702 1877 quorundam
726 1800 948 1879 pronominum,
972 1818 1097 1876 qnorum
1117 1799 1314 1878 paenultimae
1336 1799 1574 1861 indifferenteru

243 1910 402 1985 ponuntur.
448 1902 507 1969 illa⁴
526 1920 643 1981 quoquae
672 1918 747 1979 quae
775 1920 791 1961 a
820 1901 916 1961 verbis
942 1900 1007 1961 colo
1035 1902 1123 1979 gigno
1149 1910 1366 1980 componuntur
1393 1902 1540 1981 paenulti-

245 2024 320 2067 mam
349 2004 465 2065 brevem
498 2002 622 2075 liabent,
651 2011 682 2064 ut
710 1998 870 2085 caelilcnla
900 2002 1025 2065 ruricola
1054 2002 1182 2064 silvicola
1213 2004 1350 2079 rurigena
1380 2005 1538 2083 terrigena.

245 2107 357 2183 reliqua
379 2123 446 2165 vero
471 2105 569 2167 omnia
591 2106 629 2165 ita
655 2104 809 2184 participio
833 2106 924 2166 loturi
945 2105 1087 2184 temporis
1110 2104 1214 2165 similia
1236 2105 1443 2185 paenultimam
1470 2126 1540 2186 pro·

246 2210 371 2279 ducunt,
401 2214 432 2267 ut
457 2206 546 2277 llaec,
579 2206 723 2285 scriptura
749 2216 853 2267 natura
882 2207 1061 2282 litteratura,
1090 2225 1165 2284 quac
1192 2206 1306 2278 omnia,
1327 2208 1446 2284 quando
1469 2217 1540 2269 sunt

198 2322 228 2371 Π
247 2308 379 2379 nomina,
402 2316 534 2386 tempore
557 2316 665 2367 carent.
711 2326 744 2367 ea
764 2327 848 2379 vero,
872 2326 982 2385 quaea
1004 2318 1072 2370 ante
1094 2329 1111 2370 a
1134 2307 1178 2369 vel
1201 2327 1219 2369 u
1242 2318 1311 2370 ante
1331 2328 1347 2369 a
1370 2308 1413 2368 vel
1436 2328 1577 2387 quam-ro

244 2410 316 2471 libet
341 2408 470 2469 vocalem
494 2407 618 2481 habent,
641 2408 739 2469 onmia
763 2408 975 2489 corripiuntur,
1000 2418 1033 2471 ut
1050 2411 1167 2471 llantua
1191 2411 1290 2489 Capua
1312 2410 1421 2471 llanaa.
1466 2412 1540 2473 Cor-

245 2513 304 2573 sica
326 2530 393 2571 vero
422 2518 451 2569 et
476 2510 581 2571 similia
605 2510 772 2586 breviantur
794 2520 822 2571 ct
845 2512 942 2571 omnia
971 2530 1045 2589 quae
1076 2521 1144 2572 som
1173 2511 1337 2591 possessiva
1360 2511 1404 2571 vol
1426 2513 1538 2573 eisdem

245 2614 364 2688 similia,
388 2612 444 2674 sii
472 2610 582 2672 babent
607 2610 637 2672 in
664 2612 841 2692 paenultima
876 2612 1075 2692 subsequente
1101 2632 1117 2674 c
1146 2622 1345 2688 consonante,
1368 2622 1401 2674 ut
1423 2615 1539 2676 Cretica

245 2715 372 2778 lssurica
404 2699 607 2775 dlenrannicn:
640 2715 783 2794 excipitur
816 2713 927 2790 vesica,
956 2717 1032 2795 qrmd
1063 2716 1242 2796 producitur.
1288 2735 1365 2794 quae
1391 2737 1459 2778 vcro
1487 2717 1540 2776 lra-

244 2819 360 2880 bucrint
379 2837 414 2888 n,
440 2815 656 2894 producuntur,
679 2825 711 2876 ut
731 2819 859 2877 ltomana
876 2813 889 2901 ΙΙ
906 2819 1050 2898 llunrpnna
1073 2818 1201 2897 llispana
1224 2819 1364 2878 Cumana.
1409 2827 1439 2878 et
1464 2819 1577 2878 baec-rs

244 2921 342 2982 omnia
363 2919 423 2980 sive
444 2918 584 2997 producta
611 2918 671 2978 sive
695 2926 828 2998 correpta
851 2939 904 2998 per
925 2919 1058 2997 obliquos
1085 2939 1172 2981 casus
1194 2920 1294 2980 itidem
1322 2920 1538 2998 pronuntianda

198 3033 229 3085 18
248 3029 326 3082 suut.
372 3041 388 3080 e
420 3020 500 3080 lirrita
534 3021 589 3079 [ixa
619 3020 826 3099 paenultimam
860 3021 999 3100 syllabam
1031 3021 1128 3082 omnia
1158 3022 1329 3101 productam
1357 3013 1541 3095 habent,'ut

246 3123 337 3184 sedile
360 3121 468 3187 monile
495 3121 642 3199 singulare
664 3121 900 3200 verbnm-quae
924 3122 1086 3200 aequaliter
1107 3143 1161 3202 per
1183 3134 1298 3184 ceteros
1320 3143 1407 3184 casus
1430 3125 1541 3204 produ·

133 3222 158 3268 ἲ·
197 3205 340 3293 1u⁸cendn
360 3232 437 3285 suut.
471 3243 488 3284 u
510 3223 605 3284 littera
629 3223 782 3284 terminata
802 3225 969 3304 praeposita
990 3225 1082 3284 vocali
1101 3245 1117 3284 o
1136 3225 1343 3304 paenultimam
1366 3225 1539 3306 corripiunt,

245 3336 276 3388 ut
298 3345 392 3404 ganeo
414 3325 498 3386 laben
520 3324 599 3398 aleo,
623 3343 697 3402 quae
715 3324 795 3386 solos
818 3325 1011 3386 nominativos
1033 3327 1143 3386 liabent
1162 3334 1190 3386 ot
1209 3328 1365 3387 vocativus.
1403 3347 1436 3387 ea
1459 3347 1578 3401 vermem

245 3447 319 3507 quae
342 3429 351 3488 i
374 3426 483 3487 liabent
504 3434 572 3487 aute
587 3447 621 3501 o,
645 3427 780 3487 similiter
798 3427 1013 3506 corripiuntur,
1034 3428 1086 3488 scd
1108 3448 1162 3508 per
1181 3438 1295 3489 cetoros
1311 3447 1398 3489 casus
1417 3439 1540 3508 excepto

245 3529 376 3590 vocativo
397 3529 616 3607 producuntur,
640 3538 671 3589 ut
697 3528 785 3589 nudie
808 3529 962 3601 mulioniS,
986 3529 1139 3607 quaternio
1160 3530 1369 3607 quaternionis.
1414 3549 1541 3610 praepo-

246 3633 300 3692 sita
328 3638 426 3692 autem
458 3629 587 3706 qualibet
615 3639 797 3690 consonante
821 3628 1038 3711 paemvlltimam
1059 3631 1233 3711 productam
1257 3639 1389 3704 servant,
1412 3641 1445 3693 ut
1467 3633 1542 3692 lraec

245 3735 340 3811 imago
362 3729 515 3808 imaginis,
540 3732 618 3809 uligo
642 3731 775 3808 uliginiS,
800 3731 890 3809 loligo
910 3731 1003 3809 caligo
1024 3732 1227 3794 dissimilitudo
1243 3733 1423 3812 magnitudo.
1467 3752 1543 3811 quo·

244 3855 309 3898 rum
332 3834 386 3896 alia
408 3855 425 3895 u
448 3834 477 3896 iu
504 3833 629 3912 obliquis
656 3833 773 3895 casibus
796 3841 914 3894 servant
935 3844 964 3894 ct
986 3837 1174 3915 producenda
1199 3845 1284 3911 sunt,
1308 3835 1362 3896 alia
1385 3836 1414 3897 in
1437 3836 1444 3895 i
1468 3855 1579 3898 con-as

314 4040 331 4092 ll
349 4040 408 4104 quia
424 4039 509 4092 curnis
528 4039 641 4089 noralem
654 4049 712 4088 ante
731 4039 843 4088 uoeelem
861 4039 976 4088 ultimam
995 4041 1002 4088 i
1020 4039 1141 4090 hatenus
1154 4039 1187 4093 ΙΙ,
1200 4056 1266 4104 qrroc
1284 4041 1397 4090 uocalem
1416 4051 1475 4090 ante
1494 4055 1542 4090 uo-

245 4110 325 4160 calem
345 4111 353 4159 i
372 4108 524 4158 lrabemiaG
595 4109 626 4159 18
645 4109 728 4158 ovnrria
749 4110 774 4156 in
792 4124 806 4156 ιι
826 4109 971 4158 desiueutin
985 4111 1119 4174 participio
1135 4124 1152 4166 ς
1222 4112 1256 4160 20
1272 4125 1338 4173 quae
1354 4126 1370 4158 n
1387 4120 1445 4158 urite
1464 4111 1504 4158 uel
1525 4125 1542 4157 ιι

246 4191 304 4230 orric
328 4195 343 4228 a
367 4188 425 4228 urite
445 4194 460 4227 u
483 4179 524 4227 uel
551 4179 688 4241 quemlibet
708 4179 730 4227 G
752 4193 816 4239 quae
835 4195 849 4225 n
869 4191 927 4228 acite
946 4195 961 4227 u
981 4180 1118 4241 qnandibct
1136 4179 1163 4227 H
1266 4180 1299 4229 m
1318 4181 1418 4228 cirnanu
1436 4191 1460 4228 et
1479 4179 1543 4228 lruec

246 4250 331 4300 onmia
349 4248 488 4298 secundum
502 4248 619 4298 diuersus
634 4249 739 4312 regulas
757 4249 923 4312 producenda
938 4264 984 4313 per
997 4249 1113 4310 obliquos
1132 4251 1187 4298 siue
1206 4249 1368 4312 corripiendo
1389 4259 1456 4298 erint.
1477 4247 1543 4296 haec

246 4320 331 4370 οιιιιιίιι
349 4319 404 4368 siue
423 4318 545 4382 producta
565 4319 620 4366 siue
638 4325 754 4381 correpte
771 4333 816 4382 per
833 4319 950 4380 obliquos
968 4331 1043 4366 cesus
1062 4318 1148 4366 itidem
1164 4319 1353 4383 pronuntianda
1371 4328 1430 4368 snm
1449 4316 1471 4364 θ
1495 4333 1542 4364 cn·
1584 4348 1588 4352 -

245 4403 321 4440 ιιιιιιιιι
346 4396 370 4437 et
395 4387 456 4436 lrnec
475 4388 559 4436 οιιιιιίιι
586 4404 631 4451 per
649 4387 765 4448 obliquos
785 4403 861 4436 casus
879 4387 1002 4451 producta
1016 4389 1072 4436 siue
1089 4393 1208 4452 correpto
1225 4387 1419 4453 pronunciando
1436 4395 1495 4435 sunt
1514 4385 1544 4434 ΙΙ

315 4459 348 4508 27
377 4455 396 4505 E
418 4457 487 4505 dirim
508 4457 557 4505 lixa
577 4457 742 4522 penultimum
761 4457 769 4504 i
791 4455 911 4505 liubentia
934 4458 960 4504 iu
984 4457 1072 4506 endem
1098 4458 1194 4519 syllaba
1217 4458 1302 4506 onmia
1320 4456 1494 4522 producuntur
1514 4465 1542 4504 ut

246 4527 367 4578 scdich
398 4527 416 4574 E
442 4526 512 4575 fluitu
535 4525 586 4574 lixa
612 4526 775 4589 penultimam
801 4527 921 4574 babentia
942 4526 950 4574 i
972 4527 997 4573 in
1021 4527 1109 4574 eadem
1129 4526 1227 4589 sylluba
1252 4527 1337 4576 umrriu
1356 4525 1541 4591 producuntur.

246 4597 310 4644 nlius
331 4611 390 4645 uero
411 4596 513 4645 ivocales
531 4593 649 4644 liubrutis
664 4595 773 4644 similem
790 4596 906 4660 regulum
924 4606 1066 4657 sequuntur
1084 4607 1112 4644 ut
1129 4596 1239 4652 sedites
1309 4595 1360 4644 tlxn
1379 4611 1424 4644 om.
1445 4594 1473 4642 H

246 4664 280 4715 30
298 4665 367 4714 soles
387 4665 557 4714 nominetiuos
573 4673 597 4713 et
617 4665 750 4714 uocatiuos
765 4665 905 4730 corripiunt
925 4665 946 4713 6
