3400 5325
628 292 742 357 LIBER
764 294 853 365 XVlll
876 304 1028 361 est—259
1403 291 1461 354 341

218 422 240 462 p.
256 409 307 450 ιιοο
325 408 350 449 r.
1236 422 1258 463 p.
1271 410 1369 453 eoo-as
1383 411 1411 453 x.

164 474 473 558 ἀγανακτοῦμεν,
504 470 561 539 ὅτι
592 472 714 552 οὕτως
747 478 880 559 δέομεν
912 481 985 541 τῶν
1016 480 1109 540 ἴσων
1141 474 1348 554 ἀξιοῦσθαι
1382 486 1461 553 τοῖς

164 574 293 653 ἄλλοις
320 571 514 655 Ἕλλησιν,
554 574 645 641 ὥστε
675 575 828 658 εἰρήνης
862 579 924 641 καὶ
960 573 1160 658 συνθήκης
1195 580 1460 661 γεγενημένων

163 676 233 761 οὐχ
265 676 365 754 ὅπως
398 684 461 759 τῆς
490 684 622 759 κοινῆς
655 680 878 763 ἐλευθερίας
910 674 951 742 οὐ
983 682 1201 761 μετέχομεν,
1234 673 1309 743 ἀλλ’
1337 686 1341 760 Ι
1367 673 1458 745 οὐδὲ

164 782 341 856 δουλείας
361 786 517 863 μετρίας
537 770 666 863 τυχεῖν
688 776 918 862 ἠξιώθημεν.
952 782 984 843 ἐν
1007 782 1038 844 δὲ
1061 789 1122 856 τοῖς
1144 782 1224 860 ἕξῆςε
1249 782 1312 843 καὶ
1334 789 1456 844 Λακε-

135 886 377 963 δδυιμονίων
401 884 468 964 μὲν
490 887 543 958 είς
564 878 702 958 αὐτοδς
725 882 1047 963 στρατευσάντων,
1068 878 1114 946 δι’
1137 878 1233 963 ὑμᾶς
1257 884 1293 947 δὲ
1316 886 1456 947 σωθέν-

161 1010 236 1062 τες,
258 980 323 1065 οδχ
347 980 445 1061 ὅκως
470 983 611 1048 τούτων
637 982 745 1069 χάριν
766 980 971 1059 διτὲδοσαν,
994 977 1073 1045 ἀλλ’
1098 984 1227 1064 ἐπειδὴ
1256 980 1456 1049 διελυευθε

160 1080 225 1148 τδν
247 1084 426 1167 πόλεμον,
446 1080 715 1160 ἀπολείποντες
736 1079 830 1165 ὑμᾶς
856 1086 909 1160 είς
935 1077 1002 1163 τὴν
1019 1088 1339 1167 Λακεδαιμονίων
1364 1107 1455 1166 συμ-

160 1190 253 1269 μαχί
257 1213 301 1250 αν
323 1188 527 1275 εἰσῆλθον]
558 1191 631 1253 baec
645 1201 742 1252 autem
755 1192 848 1269 figura
863 1190 1012 1251 soletsieri
1026 1190 1069 1250 vel
1083 1190 1248 1253 abundante
1262 1190 1455 1269 abnegatione

159 1292 206 1354 vel
228 1293 382 1375 deficiente
403 1303 432 1355 et
455 1313 472 1355 a
493 1292 639 1354 communi
661 1292 871 1355 subaudienda.
922 1292 1103 1369 Virgilius
1126 1291 1156 1353 in
1180 1291 1233 1353 lll
1252 1292 1454 1355 Aeneidos:

117 1403 147 1444 ¹⁰
529 1406 557 1472 j
922 1412 993 1453 non
1016 1394 1158 1455 metibi
1181 1393 1290 1455 Troia
1338 1460 1340 1465 ,

312 1496 523 1559 Externum
544 1496 632 1557 tulit
652 1504 715 1557 aut
736 1514 847 1557 ortior
865 1496 925 1557 liic
945 1495 989 1555 de
1009 1494 1151 1573 stipite
1172 1503 1296 1555 innuat

156 1616 214 1677 pro
237 1602 351 1676 ‘neque
373 1601 488 1659 eruor’.
532 1597 609 1659 idem
630 1598 660 1660 in
680 1597 795 1657 Vllll:

310 1700 385 1760 Non
407 1700 466 1760 bic
484 1700 635 1760 Atridae
653 1718 721 1760 nec
742 1698 846 1760 tandi
867 1698 989 1759 lictor*
1006 1696 1143 1757 Vlixes.
1249 1728 1252 1737 ·

156 1799 376 1861 benedixisset
398 1800 484 1861 etiam
506 1820 561 1881 pro
584 1803 675 1861 ‘nec’
696 1810 810 1879 ponens
838 1799 921 1860 ‘vel'
945 1808 974 1860 et
993 1800 1077 1859 ‘aut'
1105 1815 1160 1859 nec
1185 1817 1244 1859 uon
1267 1797 1354 1858 etiam
1376 1800 1451 1859 ‘et'.

114 1901 333 1962 isLucanus
356 1902 385 1963 in
410 1901 495 1962 llll:
992 1962 996 1971 ,
1458 1895 1518 1946 '²59

312 2003 457 2085 Quippe
478 2002 539 2064 ubi
554 2022 634 2064 non
656 2003 814 2083 sonipes
834 2009 958 2063 motus
979 2002 1157 2079 clangore
1179 2001 1351 2062 tubarum

311 2101 429 2184 Saxa]
449 2104 572 2183 quatit
593 2104 722 2184 pulsu,
744 2103 895 2181 rigidos
918 2103 1087 2163 vexantia
1108 2105 1233 2164 frenos

311 2204 380 2265 Ora
402 2214 533 2267 tenens
557 2206 783 2285 spargitque
804 2204 912 2265 iubas
935 2212 970 2264 et
992 2203 1161 2282 subrigit
1181 2212 1287 2265 artus

310 2305 536 2386 incertoque
558 2307 689 2386 pedum
710 2314 848 2387 pugnat
869 2326 942 2367 noo
965 2314 1063 2367 stare
1084 2304 1259 2381 tumultu;

112 2424 141 2465 no
154 2406 205 2467 bic
227 2408 305 2467 enim
326 2427 342 2467 e
364 2409 511 2469 contrario
530 2410 610 2487 ‘que'
629 2416 717 2486 atque
738 2411 791 2469 ‘et’
812 2428 866 2487 pro
886 2411 965 2469 ‘nec'
989 2406 1101 2488 posuit,
1132 2418 1161 2467 et
1189 2406 1343 2469 adomnia
1366 2409 1449 2469 ‘nou'

155 2508 186 2568 io
208 2508 352 2588 principio
372 2510 501 2589 positum
523 2529 539 2570 a
564 2509 713 2571 communi
734 2510 887 2589 accipitur.
933 2508 1010 2569 idem
1031 2508 1061 2568 in
1085 2508 1203 2569 eodeni:

705 2610 843 2673 fluvios
867 2630 937 2672 noo
960 2609 1028 2672 ille
1051 2610 1204 2671 cruoris

307 2712 625 2791 Membrorumque
644 2712 745 2786 videt
765 2712 913 2793 lapsus,

154 2833 209 2894 pro
232 2817 350 2892 ‘neque
370 2813 568 2875 membrorum
590 2814 667 2874 ridet
691 2813 810 2892 lapsus'

110 2931 139 2970 as
243 2913 492 2992 Δημοσθένης
519 2904 584 2974 κατ’
613 2914 792 2992 Αἰσχίνου
826 2913 1149 2994 καρατρεσβείαςε
1181 2911 1298 2991 μηδὲν
1325 2917 1445 2973 λελοι-

153 3009 247 3076 κότα
274 3017 493 3095 μοχθηρίας.
538 3016 747 3078 Sallustius
777 3017 807 3076 in
836 3015 1077 3086 Catilinario:
1108 3023 1302 3094 postquam
1328 3015 1445 3076 victo-

152 3119 246 3179 riam
268 3118 396 3198 adepti
419 3127 520 3192 suut,
541 3119 636 3179 nihil
658 3116 796 3196 reliqui
814 3117 927 3180 victis
947 3118 1078 3177 iecere.

220 3254 238 3305 8
255 3252 410 3318 abundante]
429 3271 445 3302 ι·
458 3254 626 3303 abundantiae
637 3255 670 3304 M
678 3253 866 3304 habundantius
883 3253 931 3303 RD
1003 3253 1159 3302 deficientias
1177 3254 1196 3302 d
1256 3243 1280 3304 'o
1294 3260 1318 3302 et
1335 3269 1364 3302 oc
1378 3269 1445 3304 com-

153 3328 224 3374 muni
244 3326 274 3375 M
366 3325 445 3388 Verp.
465 3325 531 3376 Aen.
552 3325 586 3373 lll
604 3326 638 3374 42
654 3339 692 3388 sq.
785 3325 857 3374 Vllt
876 3324 921 3372 llll
936 3325 962 3373 N
1048 3323 1077 3372 ll
1099 3319 1194 3386 marist]
1214 3321 1232 3370 d
1252 3323 1376 3372 manco

153 3397 188 3445 12
208 3410 290 3458 neque
306 3409 342 3443 ex
360 3409 450 3456 meque
468 3409 537 3442 οων.
560 3395 588 3441 V
676 3395 756 3456 Verp,
775 3395 840 3446 Aen.
861 3393 929 3442 Vllll
945 3393 996 3442 602
1084 3393 1110 3439 iu
1129 3388 1211 3454 Vllll]
1233 3394 1257 3440 in
1281 3395 1309 3441 V
1324 3401 1349 3443 et
1364 3395 1402 3443 sic
1420 3403 1446 3444 ut

150 3466 201 3514 oid.
222 3471 279 3513 aare
295 3464 389 3513 rasit
412 3463 438 3512 in
454 3464 544 3513 eodem
561 3479 577 3510 r
598 3463 624 3510 in
643 3463 664 3511 ll
683 3464 708 3511 N
794 3461 1003 3512 tantudem
1029 3462 1122 3510 atrides
1141 3462 1165 3508 Ι)
1253 3477 1298 3510 nee
1323 3462 1410 3527 laudi]
1431 3481 1444 3512 υ
1535 3514 1539 3521 ,

152 3535 256 3582 oelouti
276 3534 327 3583 VN
414 3531 486 3582 lictor
502 3530 607 3596 Vlixes]
622 3549 637 3580 r
655 3532 728 3580 detor
747 3532 865 3582 olixesll
956 3534 986 3582 ld
1007 3532 1070 3580 bene
1089 3529 1208 3594 dixisset]
1228 3531 1331 3580 sedni.
1352 3534 1377 3581 N
1500 3546 1501 3549 ’

152 3601 246 3666 elisur]
267 3603 301 3652 τά
317 3618 362 3651 ons.
379 3601 404 3649 N
421 3604 471 3650 iem
493 3601 586 3663 VBM,
603 3602 704 3665 syllaba
727 3610 751 3650 et
775 3601 959 3663 postdixisset
978 3583 1140 3662 om.‚outl]
1159 3600 1314 3662 lamento)
1403 3609 1446 3650 out

152 3688 200 3720 nec
223 3686 272 3720 non
296 3673 372 3721 etium
396 3669 437 3737 et]
462 3671 481 3719 d
507 3671 558 3720 Nee
583 3685 631 3720 υου
655 3681 679 3720 et
702 3671 726 3718 D
817 3669 847 3719 15
872 3671 935 3718 Luc.
962 3670 1054 3721 Pbars.
1081 3670 1128 3718 llll
1145 3669 1195 3719 750
1211 3685 1265 3734 sqq.
1354 3669 1385 3719 ib
1409 3671 1443 3718 ibi

156 3740 272 3790 Voss.A
290 3757 321 3789 ru.
340 3743 384 3789 ott.
455 3741 633 3806 clnugporoD
706 3741 739 3791 18
755 3736 861 3802 ῑευεοε]
880 3742 905 3789 in
921 3748 1006 3788 ‘terens
1024 3737 1122 3790 muto
1148 3747 1230 3787 tereus
1251 3739 1306 3787 MD
1325 3742 1400 3790 Voss.
1420 3741 1445 3789 B

149 3821 163 3848 n
400 3818 439 3846 ΗΒΕ

151 3871 241 3909 tenens
263 3861 339 3911 Voss.
354 3859 379 3908 A
397 3870 481 3910 tereus
499 3861 577 3910 scbol.
597 3863 622 3910 in
643 3862 718 3910 Voss.
738 3857 764 3908 B
834 3858 1000 3925 spargitque]
1020 3863 1057 3909 sic
1083 3861 1158 3910 Voss.
1178 3859 1230 3909 AB
1255 3860 1374 3923 spgitquo
1396 3860 1444 3910 Vll

150 3929 341 3995 spergetqueN
357 3931 500 3994 sparsitque
516 3946 538 3978 υ.
555 3932 573 3983 ί,
591 3930 664 3979 codd.
684 3931 748 3982 Luc.
819 3927 1198 3995 20e111m0]e0eutmu
1267 3927 1297 3993 e]
1318 3939 1341 3977 et
1361 3929 1391 3978 M

150 3997 295 4063 contrario]
318 4015 333 4047 r
356 4000 482 4048 contraria
503 3999 526 4048 Il
612 4009 670 4062 post
690 4000 815 4050 contrario
836 3999 895 4048 libri
915 4000 975 4049 odd.
1003 4007 1026 4048 et
1050 4013 1139 4050 riirsus
1164 4024 1198 4034 -
1221 3989 1285 4047 τόδε
1308 3996 1356 4047 καί
1381 3991 1444 4048 τόδε

147 4085 177 4132 μ.
196 4067 264 4125 339,
283 4068 362 4132 θεμ,
381 4069 423 4117 ubi
442 4070 476 4130 cs.
493 4085 514 4116 ο.
530 4070 547 4121 l.
564 4072 695 4119 asteriscis
711 4077 821 4118 notatam
837 4070 863 4117 in
878 4069 963 4118 adnot.
1052 4066 1118 4133 que]
1139 4064 1188 4130 'que
1209 4069 1234 4117 V
1251 4084 1323 4132 quoru
1345 4069 1378 4116 M

150 4139 216 4188 Luc.
238 4137 331 4188 Pbars.
351 4138 466 4188 1111785
548 4139 581 4186 22
602 4137 775 4204 tluuiosgb'on
793 4157 809 4188 r
826 4137 992 4189 lluuios.Nou
1015 4140 1063 4188 VR
1144 4137 1178 4188 ‘23
1194 4138 1444 4199 menbrorumqueD

221 4205 322 4272 lapsus]
341 4209 468 4269 sieetiam
485 4207 560 4256 codd.
578 4209 672 4272 aliquot
689 4211 753 4259 Luc.
774 4207 873 4273 lapsum
892 4209 992 4257 Lucani
1013 4210 1087 4258 Voss.
1107 4207 1158 4257 AB
1174 4210 1210 4257 al.
1281 4209 1314 4256 24
1333 4222 1379 4273 pro
1400 4223 1443 4257 ue-

149 4293 200 4342 que
218 4278 386 4326 membrorum
406 4278 475 4327 videt
492 4278 578 4341 lapsus
599 4278 659 4329 add.
678 4294 702 4340 r,
718 4286 778 4339 post
795 4277 882 4342 lapsus
899 4294 945 4328 om.
963 4277 986 4327 B
1005 4282 1062 4328 rell.
1143 4277 1242 4344 lupsus.
1262 4275 1291 4327 G.
1309 4276 1334 4324 N
1409 4279 1442 4326 25

148 4347 315 4396 Demostenes
333 4343 374 4397 cii.
394 4347 417 4395 D
502 4339 737 4412 Δημοσθένης-
749 4344 922 4411 μοχθηρίας]
938 4349 975 4396 sie
993 4349 1066 4397 etium
1085 4349 1112 4404 G,
1129 4350 1180 4397 nisi
1196 4347 1263 4411 quod
1277 4361 1332 4398 noc.
1353 4361 1442 4408 καρα-

149 4412 300 4482 ττρεσβείας
317 4431 365 4466 non
382 4418 527 4467 adnotatum
543 4423 582 4464 est
652 4415 777 4466 Nemostd.
789 4418 821 4466 de
832 4417 904 4475 solon
914 4420 991 4481 tegat.
1007 4433 1046 4470 or.
1067 4419 1082 4478 §¹
1098 4415 1146 4468 178
1157 4433 1184 4479 p.
1197 4417 1248 4467 397
1262 4417 1295 4466 Ii.
1313 4415 1364 4466 627
1375 4415 1441 4466 B-S.

149 4476 421 4535 οδδὲνέλίελοιπότα
432 4475 621 4548 (ἐκλελοιπότα
639 4487 689 4546 at.)
706 4483 870 4549 μοχθηρίας
887 4483 923 4550 [et
940 4489 977 4535 sic
991 4487 1107 4548 sortasse
1125 4489 1179 4548 ipse
1197 4485 1354 4544 Priscianus,
1372 4487 1444 4548 apud

148 4570 220 4620 quem
233 4547 322 4619 μηδὲν
337 4557 466 4604 literarum
476 4556 586 4603 ordinem
594 4555 744 4618 μετοικίου
763 4571 795 4604 xa
806 4571 867 4606 vero
879 4561 946 4606 inter
961 4571 990 4604 su
1004 4565 1030 4606 et
1044 4572 1075 4604 us
1090 4557 1168 4617 focile
1178 4563 1283 4617 poteret
1292 4553 1442 4619 eccidereh

41 4639 44 4644 ·
147 4628 199 4674 loci
208 4626 317 4675 notitiam
326 4625 442 4675 Arnoldo
451 4623 723 4688 Sedaesero.coltepoc
740 4617 1029 4689 Δημοσθενικωτάτῳ,
1048 4625 1125 4674 debeo
1204 4615 1275 4672 κατὰ
1296 4623 1372 4682 (Μο)

147 4709 212 4744 xxxx
227 4693 383 4745 tucxuorlt
452 4709 650 4744 noruueeasixc
661 4695 693 4744 M
699 4708 896 4744 uursurcoeuc
915 4696 963 4746 VR
979 4710 1047 4747 utet
1067 4694 1106 4742 uel
1124 4708 1337 4744 detumescente
1353 4694 1373 4744 0

147 4754 248 4828 μηδὲν]
262 4760 308 4825 (0)
318 4763 452 4815 Putsclu'us
461 4778 533 4814 nunu
548 4763 595 4812 VR
605 4780 679 4813 sans
690 4765 724 4814 M
774 4779 922 4814 asnoiuoxa
937 4765 966 4813 M
1025 4766 1058 4813 so
1068 4761 1240 4828 μοχθηρίας]
1252 4763 1299 4827 (0)
1312 4763 1443 4814 Ριιιεείυίιε

146 4846 294 4884 κοκοκοιιο
313 4833 396 4883 VBM
471 4832 534 4883 Sall.
553 4831 607 4887 Ost.
627 4833 703 4898 11,7
782 4835 816 4884 27
835 4833 913 4883 nichil
933 4836 958 4883 N
1041 4831 1140 4898 secere]
1160 4833 1277 4884 allicere
1294 4833 1373 4884 ΜΘΝ
