3400 5325
268 239 332 301 tao
823 240 1007 301 rutstjtttt

321 355 480 409 pertine.
1374 348 1515 406 prosn-

235 428 377 503 b‘magis
399 426 505 486 nostri'
528 434 555 485 ct
581 426 656 485 ‘iere
679 424 799 486 Graecis
822 428 930 484 teuaa’.
975 427 1170 487 ,isnronius
1197 424 1284 485 etiam
1311 424 1388 484 idern
1411 425 1572 484 confirmat

271 530 319 589 bis
340 528 453 599 verbis,
476 527 628 587 ‘coniici
646 535 780 605 poetae
801 527 922 586 iarius
945 528 1144 587 etiamnum
1168 524 1339 587 uersibus
1362 526 1441 587 suis
1460 544 1568 603 quam

271 630 408 706 tragici
436 628 596 708 spatium
621 629 805 688 dederunt
832 638 867 687 et
896 628 960 687 iiia
989 646 1136 705 ipuoque
1166 628 1262 697 ioca,
1295 646 1387 705 quac
1414 626 1570 706 proprie

270 728 614 801 debenturiambo,
647 728 849 807 dactpiicis
875 737 1059 808 occupant
1088 728 1261 809 pedibus,
1293 728 1374 789 dum
1405 726 1575 813 cotidia3

272 852 355 894 num
378 850 586 893 sermonem
619 832 758 890 imitari
789 831 916 891 solunt
946 838 981 889 et
1009 850 1024 889 a
1057 830 1357 891 versificationis
1389 828 1598 889 observa-⁵

273 936 376 995 tione
394 940 647 1014 spectatorem
668 933 709 991 ad
732 940 852 991 actum
875 932 926 990 rei
948 938 1186 1003 convertere,
1216 940 1253 991 ut
1275 950 1348 991 non
1376 930 1482 990 iictis
1503 928 1569 989 sed

273 1037 371 1096 reris
398 1028 673 1096 affectionibus
699 1033 827 1093 inesse
856 1032 1055 1093 rideatur’.
1102 1032 1190 1093 iuba
1221 1032 1322 1092 ‘ideo
1343 1034 1379 1093 in
1401 1030 1570 1092 seeundo

272 1146 310 1196 et
332 1145 466 1214 utrarto
488 1144 651 1194 etsexta
673 1134 755 1195 ioco
781 1134 922 1195 iambus
945 1154 1015 1194 non
1039 1134 1177 1213 recipit
1202 1134 1275 1195 nisi
1303 1152 1319 1193 a
1344 1134 1444 1195 breti
1472 1133 1570 1191 iuci-

272 1239 439 1319 pientes.
461 1238 544 1313 quia
569 1236 605 1295 in
626 1236 686 1295 bis
712 1236 806 1294 iocis
828 1236 1019 1295 ieriuntur
1038 1253 1103 1314 per
1130 1236 1433 1313 coniugationem
1456 1234 1571 1313 pede-

276 1350 390 1401 strem
424 1346 642 1410 metrorum
677 1346 712 1396 et
739 1336 816 1396 suit
844 1348 1007 1397 extrema
1036 1333 1155 1418 parsu
1177 1337 1304 1415 pedum
1328 1335 1608 1395 iambicorum¹⁰

242 1441 437 1529 treierior
463 1458 562 1512 esse,
591 1438 772 1515 quomodo
799 1448 834 1497 et
862 1439 935 1518 ipsi
964 1438 1084 1497 iambi.
1128 1438 1304 1516 accipere
1331 1445 1449 1497 autem
1470 1435 1572 1495 soiet

273 1560 452 1603 caesuras
471 1541 578 1615 duas,
599 1558 690 1617 quas
712 1548 748 1598 et
769 1538 978 1611 heroicum,
999 1540 1032 1599 id
1055 1548 1111 1599 est
1132 1538 1436 1619 semliquioariam
1458 1546 1493 1596 et
1513 1554 1572 1595 se·

273 1642 587 1721 misepteuariam.
647 1641 721 1701 erit
758 1650 877 1701 autem
910 1639 1122 1719 probabilis
1155 1640 1337 1699 iambicus
1371 1656 1502 1698 sersus
1536 1646 1573 1696 et

274 1742 482 1822 tragoediis
503 1750 629 1821 aptus,
662 1742 692 1801 si
725 1742 929 1802 secuudum
953 1751 986 1801 et
1010 1749 1180 1819 quartum
1214 1742 1340 1820 pedem
1373 1759 1442 1800 non
1474 1739 1571 1798 aiios

274 1846 415 1907 feceris
444 1862 549 1921 quam
578 1844 719 1904 iambos
745 1854 808 1903 aut
835 1862 912 1903 eum
942 1844 1000 1921 (μή
1027 1841 1244 1922 appellatur
1265 1841 1484 1902 tribrachus
1506 1848 1604 1899 autu

274 1956 519 2025 anapaestus,
538 1945 710 2021 quoniam
729 1952 815 2005 sunt
830 1964 955 2023 pares;
979 1936 1206 2020 κακόμετρος
1226 1939 1232 2024 l
1250 1953 1384 2011 autem,
1403 1942 1433 2002 si
1448 1941 1572 2001 aliter.

274 2060 353 2106 nam
372 2046 513 2125 primus
535 2056 572 2105 et
592 2046 728 2106 tertius
750 2056 786 2106 et
811 2047 966 2123 quintos
989 2046 1191 2107 admittunt
1212 2044 1305 2103 hauc
1327 2044 1571 2123 permutatio-

275 2168 358 2208 num
379 2146 485 2225 pedis
506 2146 711 2215 licentiam.
757 2168 870 2208 causa
891 2146 1050 2208 obscura
1079 2145 1206 2205 muitis
1234 2154 1305 2217 est,
1334 2148 1395 2205 sed
1424 2146 1572 2224 aperia-

275 2258 335 2307 tur
355 2267 371 2307 a
391 2247 518 2321 nobis,
541 2267 621 2307 nam
644 2251 816 2325 quoniam
839 2258 896 2308 ter
917 2248 1056 2308 ieritur
1077 2246 1135 2306 bic
1151 2264 1299 2319 versus,
1320 2266 1479 2307 neccsse
1498 2254 1571 2318 est,

274 2350 498 2425 ubicumque
523 2348 566 2408 ab
593 2348 668 2408 icto
691 2349 956 2429 percussionis
985 2356 1105 2421 uacat,
1137 2332 1271 2407 moram
1300 2350 1479 2428 temporis
1507 2346 1606 2407 ad-ao

276 2450 365 2509 iecti
388 2468 458 2509 non
479 2450 709 2510 reformidet.
753 2452 789 2511 in
811 2450 928 2529 primo
957 2459 1076 2509 autem
1106 2448 1199 2528 pede
1227 2456 1262 2507 et
1290 2450 1404 2509 tertio
1435 2450 1571 2527 incipit

243 2560 312 2615 set
333 2552 368 2611 in
397 2551 541 2628 quinto,
574 2552 713 2612 teritur
740 2552 775 2611 in
802 2550 969 2611 secundo
996 2558 1030 2609 ct
1058 2557 1190 2628 quarto
1218 2558 1253 2609 et
1280 2555 1414 2610 sexto’.
1452 2550 1571 2611 attende

277 2652 378 2714 iubam
396 2671 513 2730 quoque
545 2653 621 2714 scire
646 2652 769 2713 inveniri
784 2652 927 2730 quosdam
948 2652 1077 2724 iambos,
1101 2652 1130 2711 in
1150 2650 1256 2730 quibus
1272 2652 1420 2714 secundus
1435 2663 1465 2712 et
1483 2671 1570 2732 quar-

277 2765 323 2815 tus
344 2754 457 2832 absque
477 2754 680 2816 observatione
701 2755 836 2835 ponitur,
859 2773 934 2833 quos
956 2752 1155 2832 mmpirpooe
1176 2762 1268 2814 vocat
1301 2753 1378 2814 idem
1407 2753 1436 2814 in
1466 2763 1571 2815 octavo

348 2957 359 3006 l
377 2957 511 3008 asitionins
530 2971 548 3012 ς
626 2958 643 3006 2
662 2958 799 3007 etiamnum
818 2957 888 3006 BVa
912 2957 1046 3006 etiamnam
1066 2957 1090 3004 A
1111 2957 1186 3005 etiam
1205 2971 1282 3006 unum
1302 2957 1328 3007 B
1347 2959 1422 3006 etiam
1441 2958 1467 3006 in
1485 2972 1503 3012 ς

276 3027 378 3091 bspati
402 3028 427 3074 V
512 3028 671 3076 ddebentor
690 3028 715 3076 B
732 3026 872 3076 debeantur
889 3026 943 3075 BV
965 3026 1121 3076 debebantur
1140 3027 1164 3074 A
1253 3029 1419 3077 cottidianum
1440 3027 1491 3077 VB

277 3095 480 3144 iaiectionibus
500 3098 528 3145 V
611 3098 734 3145 interesse
751 3096 886 3145 uideantur
905 3096 1038 3145 huetius
1061 3097 1146 3144 inesse
1165 3112 1192 3144 se
1212 3097 1313 3146 videant
1335 3097 1521 3146 Lindemanmrs
1537 3113 1573 3147 eac

275 3170 421 3214 coniectura
437 3166 562 3214 Boadcmi
630 3166 803 3215 uidebaturR
823 3165 989 3221 uideanturs
1052 3165 1185 3215 diambus
1204 3167 1310 3216 BVAB
1329 3205 1336 3216 .
1355 3169 1380 3216 in
1398 3167 1473 3218 editu
1488 3182 1573 3216 exere·

274 3234 400 3297 pluribus,
423 3251 488 3298 quoe
505 3237 617 3284 codicum
633 3238 787 3298 scripturam
804 3240 975 3294 retinuerunt,
993 3237 1028 3283 ita
1046 3236 1174 3298 descripta
1190 3244 1248 3284 ruat
1265 3237 1359 3294 umbo,
1382 3244 1411 3285 ut
1425 3253 1475 3286 non
1491 3235 1574 3286 Iubae

276 3304 438 3352 tertinouiurn
455 3320 472 3352 a
490 3306 624 3354 l'riaciano
639 3313 790 3368 poneretur,
810 3305 859 3353 sed
876 3305 994 3353 Asuaoaio
1013 3310 1163 3354 nircwritute
1179 3303 1258 3355 Iudae
1275 3308 1355 3356 utenti
1367 3305 1430 3356 doec
1442 3308 1573 3356 conum

278 3383 375 3422 rentur.
413 3382 440 3422 at
458 3390 503 3422 aec
519 3375 592 3423 imudi
607 3375 778 3437 diripuerunt
792 3375 874 3436 pedes
892 3377 947 3425 loco
965 3373 1039 3422 iambi
1059 3377 1138 3437 positi
1154 3382 1179 3422 et
1197 3376 1353 3425 numm
1369 3385 1438 3427 certe
1458 3393 1490 3425 ea
1507 3392 1574 3440 quae

276 3450 397 3493 recreatur
413 3445 494 3492 omnio
508 3443 586 3492 Iubae
597 3444 714 3494 tribuisse
731 3445 841 3506 adparet
856 3459 890 3492 ετ
903 3446 934 3494 iia
952 3459 1016 3508 quae
1028 3447 1098 3504 infru
1112 3461 1135 3493 u.
1145 3446 1179 3494 tt
1192 3461 1247 3509 sqq.
1261 3447 1294 3495 de
1309 3446 1416 3507 pedibus
1426 3450 1575 3496 cacuroetris

276 3516 333 3576 ipre
348 3513 484 3562 Mnotreoit.
521 3530 665 3578 quamquam
681 3513 750 3563 baud
762 3517 815 3563 reio
832 3529 866 3562 uu
881 3515 938 3574 ipsa
955 3513 1035 3562 Iudae
1051 3513 1127 3563 rerba
1146 3529 1181 3562 ec
1193 3515 1305 3565 Armenii
1315 3518 1496 3566 coementariis
1508 3517 1573 3578 peti-

277 3584 355 3634 aerr't.
382 3589 409 3630 ut
426 3598 474 3631 non
497 3585 561 3632 sutis
579 3590 676 3632 constet
697 3599 753 3631 narn
770 3591 839 3632 reete
861 3585 942 3630 mmiia
968 3584 1104 3646 antiquiori
1122 3586 1285 3646 prommotieo
1307 3585 1431 3638 tribuerit.
1503 3601 1574 3634 reee-

278 3653 314 3717 pit
337 3650 388 3700 VB
457 3651 549 3714 bquia
567 3653 575 3700 i
594 3652 634 3702 bis
657 3653 684 3700 V
750 3652 895 3716 pedestrem
913 3653 956 3701 Bo
976 3653 1086 3717 pedestri
1102 3652 1179 3701 BVA
1197 3654 1388 3720 pedestriums‘
1459 3655 1490 3706 1²
1508 3655 1574 3704 dirus

278 3737 324 3770 oni.
344 3721 370 3768 B
440 3733 533 3782 quaet
555 3724 580 3770 V
652 3722 682 3770 15
700 3737 776 3785 quum
796 3721 900 3770 icoubos
923 3723 950 3770 V
1018 3720 1137 3770 tribas-bis
1161 3723 1186 3768 V
1275 3722 1306 3774 16
1324 3734 1490 3790 anapaestum
1512 3726 1574 3774 Lia-

279 3792 415 3839 demuunur
440 3833 444 3838 .
491 3787 620 3855 quoniam]
638 3795 688 3854 quir
712 3793 736 3840 V
806 3798 865 3839 suut
885 3805 900 3846 ς
920 3791 970 3839 siut
989 3791 1031 3840 Bu
1052 3792 1084 3838 sit
1102 3791 1180 3840 BVA
1250 3805 1405 3843 eaeometros
1424 3807 1441 3848 ς
1459 3808 1574 3843 cacume-

280 3869 332 3906 tres
349 3858 453 3907 BVAB
525 3861 556 3910 17
572 3861 781 3925 permutationem
802 3861 824 3908 B
845 3861 1029 3924 pmutationum
1055 3861 1081 3908 V
1097 3863 1290 3924 permutationis
1310 3876 1328 3918 ς
1403 3865 1438 3912 20
1456 3875 1529 3912 riocar
1549 3862 1575 3910 B

349 3928 380 3975 21
403 3942 451 3975 non
469 3928 589 3978 formidet
612 3931 662 3979 VB
731 3929 765 3980 '23
783 3930 871 3978 iubam
893 3929 959 3979 VBa
978 3929 1088 3978 iambum
1107 3930 1155 3979 BA
1225 3932 1260 3981 ‘24
1278 3947 1342 3994 quas
1360 3933 1382 3981 11
1458 3947 1575 3980 caeome-

278 3996 371 4045 trusit
400 3996 601 4048 kaksrmetrosA
620 4009 774 4048 eaeometros
794 4000 844 4047 VB
913 4007 986 4047 uocat
1004 3999 1030 4047 B
1049 4009 1140 4048 uocant
1159 4001 1236 4050 rtVA
1307 4002 1345 4049 ‘in
1362 4010 1452 4051 octavo
1469 4018 1518 4051 noo
1536 4011 1576 4051 ert

279 4068 304 4112 in
320 4075 407 4114 octavo
423 4065 504 4122 libro,
523 4069 571 4117 aed
589 4071 614 4116 in
632 4077 719 4116 octauo
735 4069 801 4130 pede
813 4068 971 4118 iambirorum
986 4083 1114 4124 uersuum,
1132 4069 1157 4116 ia
1173 4085 1221 4134 quo
1234 4071 1297 4119 idem
1312 4085 1491 4136 rionmeapumn,
1509 4072 1577 4136 quod

279 4138 304 4184 in
323 4137 446 4196 rerrordo,
464 4145 555 4200 quarto
572 4145 597 4186 et
614 4146 703 4197 sexto,
723 4139 783 4200 fieri
797 4139 900 4190 dicitnr:
924 4140 1044 4198 proximu
1061 4146 1143 4186 cirtem
1160 4143 1240 4203 ipsius
1261 4148 1319 4191 euru
1339 4141 1470 4192 Prisciani
1485 4139 1574 4192 uerbo’

280 4204 430 4253 Ititacdetiua
453 4207 505 4254 iad.
524 4209 579 4254 lect.
598 4207 681 4256 Boua.
699 4207 748 4259 dib.
769 4225 794 4256 a.
817 4207 884 4255 18111
900 4221 927 4268 p.
943 4206 990 4254 X:
1012 4208 1037 4254 in
1050 4207 1083 4255 Vi
1100 4207 1127 4266 1.,
1147 4211 1175 4258 id
1192 4209 1271 4259 estin
1290 4219 1363 4259 sexto
1381 4211 1445 4271 loeo,
1470 4212 1577 4261 coniecit

280 4273 357 4324 B.ten
376 4273 457 4322 Brinlr
472 4273 552 4324 Iubae
571 4275 700 4327 Maurusii
713 4279 745 4326 de
756 4293 786 4325 re
798 4277 1044 4338 metrieascriptoria
1058 4274 1146 4325 Latini
1161 4280 1207 4328 rei.
1222 4294 1249 4340 p.
1271 4281 1313 4330 22.
1332 4281 1358 4328 in
1375 4281 1423 4330 1111
1441 4281 1475 4331 ΙΙ.
1495 4281 1575 4330 Wen-

281 4347 329 4391 izei
346 4343 449 4407 rprubot.
467 4347 525 4393 crit.
544 4345 581 4392 od
595 4345 722 4395 turonum
738 4349 886 4407 scriptorum
905 4349 945 4394 rei
961 4349 1077 4394 auctricae
1099 4347 1244 4398 Latinorum
1261 4350 1368 4400 Vratiai.
1383 4365 1409 4401 u.
1424 4349 1491 4400 1858
1498 4365 1528 4412 p.
1539 4351 1574 4398 24

280 4413 343 4460 corat.
363 4412 444 4473 Busta.
462 4428 489 4473 p.
508 4412 586 4465 271t.
604 4421 699 4465 aimeri
710 4416 883 4465 indicationem
901 4429 948 4464 noa
966 4423 1026 4477 puto
1043 4417 1140 4478 referri
1151 4432 1231 4480 posse
1250 4420 1300 4468 nisi
1314 4420 1350 4468 od
1369 4433 1491 4468 »euoenon
1507 4419 1575 4480 iibri,

280 4496 316 4530 ee
333 4495 381 4544 quo
398 4497 430 4530 ea
447 4498 512 4546 praue
528 4492 647 4533 secuntur
666 4487 746 4546 petita
766 4492 832 4533 aurat.
866 4487 913 4534 aed
934 4488 959 4534 si
980 4493 1048 4534 recte
1067 4487 1208 4546 suspicatus
1230 4505 1297 4550 sum,
1321 4492 1477 4551 superiorem
1494 4489 1576 4538 Iudae

234 4598 243 4612 Χ
280 4551 472 4610 disputationem
488 4568 523 4601 ea:
541 4555 654 4605 Aemoaii
675 4553 748 4606 tibris
765 4556 917 4614 descriptam
941 4569 997 4602 ease
1020 4572 1036 4602 u
1055 4555 1202 4615 Prisciorao,
1231 4557 1345 4606 dubitari
1364 4567 1448 4620 potest
1473 4575 1507 4608 aa
1526 4557 1576 4608 As-

278 4620 458 4740 morp’iopotiur
475 4621 564 4672 tibrum
586 4623 666 4681 dicut,
689 4625 718 4672 id
736 4623 805 4687 quod
822 4622 944 4687 probarit
960 4621 1088 4687 Berpiriue
1111 4639 1172 4675 rrius.
1190 4625 1270 4680 trien.
1290 4629 1382 4679 noeirs.
1402 4628 1412 4676 1
1435 4627 1472 4691 (a.
1495 4627 1575 4692 1842)
