3400 5325
700 216 913 279 33333133
1395 218 1454 283 tor

157 421 255 487 saepo
284 401 382 463 etiarn
410 401 555 487 ineptum
585 398 737 482 cst,'scd
770 402 867 465 etiarn
895 422 947 463 res
981 402 1091 486 ipsae,
1118 400 1158 464 (13
1187 401 1307 486 quibus
1339 404 1457 487 agitur,

157 504 298 588 speciem
320 502 389 565 eins
412 502 545 583 aetatis,
577 523 660 587 quae
686 504 751 566 iam
781 525 876 581 usum
903 512 935 566 31
962 502 1130 567 3313311313
1159 501 1297 565 Latinae
1326 502 1458 587 linguae

156 625 222 667 non
249 601 407 680 habebat,
441 622 520 685 prae
547 624 581 665 se
608 602 730 667 ferunt.
769 604 808 665 'in
836 605 995 690 exemplis
1025 625 1102 667 vero
1132 602 1274 668 barbara
1294 605 1456 690 quaedam

158 704 320 770 vocabula
348 702 402 765 hic
430 704 568 787 scriptor
588 705 712 789 posuit,
746 726 881 789 quorum
905 705 970 767 alia
990 726 1055 768 non
1075 705 1208 769 invenio
1229 705 1294 767 nisi
1315 725 1335 767 a
1357 706 1457 791 scrip·
1481 758 1486 768 .

158 805 284 869 toribus
308 802 439 867 infimae
461 805 578 866 aetatis
599 814 757 891 usurpata
785 826 872 881 esse,
901 804 980 883 alia,
1008 827 1203 893 quamquam
1227 807 1456 891 nescioquam
1554 856 1559 867 .

157 908 382 969 auctoritatem
405 905 561 982 habeant,
587 916 697 968 tamen
719 927 739 968 a
757 906 919 969 Prisciani
939 916 1026 971 certe
1049 914 1155 969 331313
1179 915 1211 969 31
1231 906 1379 970 doctrina
1402 905 1457 969 ab·

157 1008 300 1070 horrent.
345 1028 458 1068 verum
481 1006 561 1069 haec
584 1008 693 1069 onmia
715 1009 748 1070 13
774 1018 925 1093 promptu
951 1018 1037 1071 3331.
1082 1030 1121 1071 33
1147 1031 1188 1071 33
1215 1005 1296 1071 illud
1326 1006 1456 1093 quidem

157 1107 253 1172 video
276 1106 439 1193 probabili
462 1109 589 1170 ratione
611 1107 777 1171 adlirmari
799 1131 911 1193 posse,
936 1112 1151 1197 antiquiorem
1173 1108 1313 1195 aliquem
1335 1108 1456 1171 librum
1565 1154 1567 1157 -

159 1230 179 1271 a
201 1208 371 1271 Prisciano
392 1208 548 1293 scriptum
573 1217 688 1293 postca
708 1213 742 1271 in
764 1209 849 1272 hanc
870 1208 1023 1294 sormam,
1058 1232 1154 1296 quam
1177 1232 1263 1273 nune
1288 1207 1457 1290 habemus,

156 1310 324 1373 redactum
361 1330 448 1389 esse,
482 1309 540 1372 sed
572 1310 679 1395 potius
708 1310 840 1374 nomine
867 1308 1064 1374 nobilissimi
1092 1312 1297 1397 grammatici
1326 1320 1359 1374 31
1385 1318 1460 1397 post
1574 1308 1577 1315 ’

157 1420 307 1475 octavum
331 1410 496 1473 saeculum
518 1410 770 1495 diligentissime
789 1413 920 1474 tractati
941 1412 1100 1500 inscripta
1122 1434 1192 1480 esse
1209 1414 1287 1499 puto
1303 1433 1351 1490 ea,
1374 1432 1458 1498 quae

158 1514 198 1576 (13
226 1512 409 1598 3333111313
439 1525 471 1574 31
498 1514 763 1597 pronuntiatione
791 1511 1024 1575 vocabulorum
1043 1513 1169 1600 aliquis
1202 1514 1245 1578 ex
1274 1513 1457 1600 praeceptis

156 1616 374 1699 antiquiorum
395 1614 679 1697 grammaticorum
702 1612 878 1698 collegerat
901 1626 933 1678 ct
955 1616 998 1679 nd
1020 1636 1099 1678 suae
1119 1617 1237 1679 aetatis
1258 1636 1353 1679 usum
1376 1614 1456 1675 33113

157 1713 327 1799 pueriliter
348 1724 572 1801 conposuerat.

243 1815 284 1878 In
306 1815 474 1880 codicibus
507 1825 615 1879 autem
639 1840 704 1881 non
726 1818 837 1880 inveni
862 1817 947 1882 hune
968 1816 1087 1882 librum
1109 1820 1265 1904 scriptmn
1289 1838 1360 1880 esse
1384 1824 1459 1879 ants

158 1917 367 1981 undecimum
395 1916 571 1981 sacculum.
617 1920 688 1981 eius
716 1926 824 1981 autem
851 1920 954 2005 ipsius
987 1921 1104 1983 aetatis
1140 1942 1237 2005 quam
1273 1918 1343 1981 dixi
1378 1917 1457 1980 duos

158 2019 260 2082 libros
282 2018 367 2100 vidi,
392 2011 530 2081 alterum
553 2018 811 2097 Leidensem,
834 2022 890 2106 qui
910 2030 958 2085 cst
976 2024 1062 2084 inter
1078 2020 1207 2084 codices
1225 2018 1458 2083 Perizonianos

157 2119 262 2184 forma
282 2121 427 2182 maxima
446 2120 735 2205 quinquagesimus
758 2122 906 2207 quintus,
930 2120 1065 2185 alterum
1089 2121 1458 2207 Guelferbytanum

157 2222 245 2285 inter
264 2220 476 2304 Augustanos
498 2221 603 2285 forma
625 2220 785 2306 quadrata
807 2222 1052 2286 undecimum(
1074 2246 1091 2287 3
1110 2223 1228 2309 quibus
1251 2222 1457 2301 Leidensem,

158 2344 254 2410 quem
270 2322 445 2407 descripsit
456 2320 591 2386 Geelius
606 2322 639 2385 in
656 2322 806 2409 catalogo
822 2322 980 2387 librorum
997 2346 1095 2389 manu
1107 2326 1302 2411 scriptorum
1314 2324 1368 2409 qui
1382 2322 1459 2407 inde

157 2424 199 2487 ab
218 2445 304 2487 anno
331 2428 406 2487 1741
426 2422 646 2488 bibliothecae
667 2422 992 2509 Lugduno·Batavae
1020 2434 1227 2489 accesserunt
1250 2448 1280 2511 p.
1301 2427 1459 2509 151333,

157 2524 456 2589 Heilbrunnensem
480 2524 558 2588 olim
580 2524 684 2588 fuisse
708 2525 856 2589 indicant
880 2524 976 2607 haec,
1008 2548 1090 2612 quae
1112 2527 1147 2591 in
1169 2534 1317 2589 extrema
1339 2525 1460 2611 pagina

161 2625 348 2711 subscripta
363 2634 439 2689 sunt
460 2623 562 2689 ‘liber
577 2625 672 2690 beate
689 2627 791 2690 marie
807 2628 948 2712 uirginis
964 2628 998 2691 in
1015 2626 1197 2716 hailprun'.
1221 2648 1296 2691 nam
1311 2627 1359 2689 ita
1378 2624 1460 2688 haec

157 2730 195 2792 in
222 2727 335 2791 codiee
363 2727 445 2811 legi,
479 2748 545 2791 non
573 2729 626 2790 ‘in
655 2727 835 2814 haygrim'‚
864 2729 950 2815 quod
980 2729 1169 2794 dubitanter
1197 2727 1288 2792 dedit
1314 2725 1458 2790 Geclius.

157 2839 273 2913 postea
286 2829 326 2892 ad
340 2829 542 2893 Gronovium
561 2831 720 2914 pervenit,
739 2853 782 2893 ex
802 2831 893 2893 cuius
912 2830 1111 2894 bibliotheca
1128 2851 1163 2894 se
1180 2833 1299 2893 emisse
1314 2828 1460 2892 codicem

159 2933 193 2995 in
214 2931 320 3016 prima
341 2931 464 3015 pagina
482 2937 622 2994 testatur
643 2930 759 2994 Petrus
777 2931 975 2995 Bondamns.
1021 2933 1165 2996 continet
1187 2939 1294 2995 autem
1317 2929 1341 2993 1.
1357 2931 1458 2992 1-15

159 3031 323 3096 Prisciani
344 3030 464 3095 librum
486 3033 662 3117 septimum
685 3032 845 3095 decimum
870 3043 902 3095 et
924 3042 1073 3097 octavum
1096 3033 1272 3096 decimum:
1296 3031 1459 3095 146-48

159 3134 244 3196 hune
264 3131 304 3196 de
319 3131 507 3196 accentibus
522 3132 659 3216 librum,
679 3133 732 3196 cui
754 3135 934 3198 recentiore
957 3155 1055 3196 mann
1077 3134 1260 3221 adscriptus
1279 3142 1330 3196 est
1345 3130 1459 3195 1113133

155 3241 301 3313 prosodia
322 3239 475 3297 Prisciani
498 3240 618 3313 incipit:
651 3229 738 3300 ista
761 3257 831 3322 sqq.
861 3235 984 3299 Donati
1012 3235 1159 3300 libellum
1189 3237 1230 3300 dc
1257 3235 1461 3301 barbarismo

160 3337 343 3421 ceterisque
372 3335 462 3397 vitiis
496 3336 664 3399 orationis.
710 3336 992 3423 Guelferbytanus
1020 3346 1127 3400 autem
1154 3337 1275 3420 codex,
1310 3337 1366 3423 qui
1399 3335 1462 3398 1311

161 3436 240 3500 olim
260 3438 294 3500 S.
317 3435 489 3499 Michaelis
509 3438 697 3500 monasterii
718 3436 1043 3517 llildeshcimiensis,
1070 3460 1113 3502 ex
1142 3437 1283 3502 diversis
1304 3437 1462 3501 membra-

160 3561 275 3602 narum
301 3537 466 3602 fasciculis
495 3539 696 3622 conpositus.
729 3561 829 3602 33331
858 3538 957 3604 habet
987 3542 1233 3626 quaternionem
1261 3549 1294 3603 et
1324 3537 1460 3606 schedas

160 3642 321 3726 quinque,
344 3641 368 3702 1.
387 3641 569 3721 tis-tto,
592 3641 626 3703 in
649 3640 769 3725 quibus
792 3641 990 3704 membranis
1013 3642 1126 3705 eadem
1142 3639 1370 3726 manuscripti
1386 3645 1462 3702 sunt

158 3753 228 3806 tres
248 3742 326 3806 libri
345 3742 564 3825 grammatici,
587 3743 727 3827 primum
748 3742 992 3806 1.128*-131*
1014 3742 1137 3806 Donati
1158 3741 1304 3818 libellus,
1334 3747 1400 3805 Vox
1419 3749 1464 3810 cst

161 3864 216 3907 tter
236 3849 311 3907 ictas
329 3879 370 3892 -
385 3850 454 3907 coln
474 3853 504 3906 et
521 3853 681 3920 33133313,
711 3843 829 3906 deinde
858 3843 882 3907 f.
906 3845 1120 3909 tam-tat*
1149 3843 1254 3908 Servii
1277 3843 1317 3907 (13
1338 3842 1462 3906 ultimis

161 3943 299 4030 syllabis
322 3943 420 4028 liber,
452 3949 573 4008 Servius
594 3949 755 4008 1333333133
776 3951 909 4024 dactilico
933 3983 969 3992 -
991 3953 1136 4025 positione
1155 3953 1262 4023 tonnae
1283 3956 1365 4022 sunt,
1392 3953 1462 4006 tum

161 4046 185 4109 1.
212 4047 424 4112 tam-tto·
450 4051 602 4110 Prisciani
627 4054 820 4124 pramman'ct
842 4053 880 4111 dc
905 4053 1075 4112 accentibus
1102 4053 1178 4112 iiber
1199 4054 1316 4127 incipit,
1346 4051 1462 4110 'Littera

159 4156 205 4210 cst
227 4183 262 4193 —
285 4167 367 4226 pape
387 4169 478 4212 3333.
523 4157 671 4212 recentes
694 4148 823 4212 codices
845 4149 916 4212 vidi
938 4150 1036 4229 duos,
1054 4133 1241 4214 Parisinunr
1265 4151 1348 4212 7553
1371 4147 1463 4211 ehar-

152 4236 289 4313 'taceum
309 4251 422 4335 quinto
445 4248 571 4315 decimo
589 4247 724 4315 saeculo
747 4251 920 4338 scriptum,
949 4253 1004 4338 qui
1027 4274 1100 4315 cum
1121 4251 1308 4316 recentibus
1330 4250 1463 4336 quibus-

165 4349 240 4414 dam
261 4349 419 4414 Italorum
446 4350 613 4416 hominum
637 4350 759 4416 libellis
782 4353 892 4417 Servii
917 4352 1037 4418 librum
1064 4353 1104 4418 dc
1127 4352 1250 4417 ultimis
1273 4351 1409 4438 syllabis
1431 4359 1464 4413 et

161 4449 382 4516 ‘Prisciannm
412 4452 668 4518 Cacsarecnsem
701 4453 741 4518 de
772 4454 978 4519 accentibus'
1010 4457 1170 4532 continet,
1202 4463 1234 4516 ct
1267 4445 1463 4516 Leidensem

160 4552 241 4616 bibl.
263 4553 354 4639 publ:
379 4557 440 4619 186
462 4554 760 4634 membranaceum,
796 4558 830 4619 in
859 4579 923 4643 quo
950 4565 1025 4643 post
1045 4554 1208 4619 Prisciani
1236 4555 1463 4619 (1333331133-

159 4655 248 4718 tione
276 4653 380 4720 libros
408 4655 600 4722 duodecimo
629 4657 760 4731 sacculo
788 4659 926 4744 scriptos
953 4657 1057 4722 additi
1088 4667 1164 4721 sunt
1193 4655 1464 4743 quartodecimo

213 4779 422 4820 3333333131
443 4780 555 4820 narmi
578 4783 626 4824 rn.
1220 4761 1260 4824 26
