3400 5325
718 239 930 301 PRAEFATIO
1414 240 1476 304 389

170 422 356 485 'ticenum
365 470 374 503 ,
394 424 451 508 qni
468 432 520 486 est
537 424 573 486 in
589 421 790 487 bibliotheca
804 422 991 488 christinae
1006 424 1141 508 reginae
1159 422 1294 487 Susciae
1310 427 1391 489 1709
1404 425 1476 507 (Β).

176 524 207 586 is
228 531 279 587 est
299 522 568 589 membranaceus
590 524 696 588 forma
717 523 878 608 quadrata
904 523 1034 587 saeculo
1061 523 1187 589 decimo
1218 525 1369 610 scriptus.
1414 525 1477 591 fuit

177 623 256 689 olim
271 622 362 687 Petri
377 622 544 707 Danielis,
567 626 661 689 cuius
680 646 800 690 nomen
817 626 853 689 in
876 623 998 689 scheda
1017 625 1182 688 tricesima
1196 626 1303 710 prima
1318 627 1475 712 scriptum

177 734 228 789 est
255 726 319 808 ita,
358 729 419 790 ‘ex
446 726 540 789 libris
569 725 660 791 Petri
684 725 869 795 Danielis’.
920 726 1065 789 continet
1097 734 1206 789 autem
1235 727 1375 812 primum
1408 737 1475 792 tres

177 825 280 891 libros
299 828 477 908 Prisciani,
500 827 542 891 de
564 826 683 913 quibus
707 826 863 909 dicimus,
892 826 1010 890 deinde
1030 825 1140 889 Rufini
1160 827 1278 891 librum
1302 828 1342 893 ds
1364 830 1477 893 metris

175 926 400 1013 Terentianis,
430 950 528 1015 quem
549 928 652 992 libelli
675 927 809 1014 quidam
829 927 915 991 varii
943 928 1126 1012 argumenti
1153 926 1195 990 ab
1220 927 1406 994 hominibus
1430 931 1477 993 in-

177 1028 308 1093 ferioris
329 1030 448 1093 aetatis
478 1030 639 1116 conpositi
666 1029 850 1113 excipiunt:
883 1030 917 1091 in
945 1027 1072 1114 reliqua
1100 1028 1221 1093 codicis
1248 1038 1341 1116 parte
1363 1030 1475 1095 Ovidii

175 1128 334 1195 fastorum
356 1130 432 1194 libri
453 1130 520 1195 alia
540 1152 644 1217 eaque
662 1130 846 1214 antiquiore
874 1148 973 1193 manu
1003 1130 1114 1216 scripti
1142 1138 1226 1193 sunt.
1273 1132 1358 1195 hunc
1385 1132 1413 1195 si
1442 1133 1476 1195 in

177 1230 328 1295 omnibus
356 1231 464 1295 tribus
487 1230 580 1295 libris
609 1229 836 1305 contulissem,
867 1250 994 1293 omnem
1018 1232 1199 1317 scripturae
1222 1231 1476 1319 discrepantiam

176 1331 411 1397 exhibuissem.
455 1353 531 1395 nam
560 1331 687 1397 etiamsi
717 1332 787 1418 ipse
806 1352 936 1417 quoque
957 1330 1093 1394 candem
1121 1334 1363 1415 recensionem,
1392 1354 1477 1420 quae

177 1434 283 1497 estin
306 1433 457 1498 Parisino
479 1442 512 1497 et
533 1432 567 1497 in
586 1432 743 1497 Leidensi
769 1432 897 1513 codice,
926 1432 1071 1517 sequitur
1079 1480 1088 1514 ,
1118 1441 1226 1497 tamon
1249 1435 1355 1519 magis
1378 1454 1476 1521 quam

177 1534 295 1622 reliqui
324 1534 368 1597 ab
396 1533 462 1597 illis
490 1533 617 1598 recedit
642 1542 675 1597 et
699 1536 831 1620 propria
852 1532 1013 1619 quaedam
1037 1534 1188 1599 veritatis
1211 1536 1352 1619 vestigia
1373 1543 1475 1615 tenet,

176 1656 372 1723 quamquam
400 1645 450 1699 est
479 1636 535 1699 uhi
565 1634 726 1716 dubitem,
758 1642 871 1697 utrunr
897 1655 937 1697 ea
967 1655 987 1697 a
1012 1633 1146 1699 meliore
1175 1634 1266 1700 fonte
1295 1645 1476 1722 propagata

177 1740 244 1801 sint
264 1759 306 1799 an
327 1759 348 1800 a
369 1735 464 1799 docto
483 1734 614 1801 homins
634 1735 777 1800 inventa,
822 1743 899 1797 sunt
921 1735 1007 1799 enirn
1030 1737 1139 1799 omnia
1160 1736 1206 1799 ita
1227 1746 1415 1821 conparata,
1439 1745 1475 1801 ut

175 1837 365 1902 coniectura
390 1838 533 1901 inveniri
559 1835 735 1923 potuerint.
784 1824 916 1899 tertium
939 1836 1091 1900 'codicem
1118 1836 1287 1923 adsumpsi
1317 1836 1475 1903 Parisi-

177 1960 266 2003 num
278 1942 375 2004 7501
391 1936 674 2003 membranaceum
687 1937 792 2000 forma
804 1938 950 2001 maxima
962 1936 1093 2001 sacculo
1102 1937 1227 2030 decimo
1239 1940 1395 2024 scriptum
1404 1939 1476 2022 (A).

175 2041 232 2127 qui
254 2039 361 2105 codex
381 2050 456 2127 post
475 2038 697 2109 institutiones
709 2037 873 2101 Prisciani
891 2046 923 2101 et
938 2060 1069 2103 carmen
1090 2037 1130 2102 dc
1150 2038 1352 2123 ponderibus
1370 2039 1472 2104 libros

177 2141 221 2206 ad
243 2139 473 2229 Symmachum
501 2142 640 2226 scriptos
667 2140 814 2203 continet
841 2138 865 2201 f.
893 2141 1004 2203 194-
1027 2141 1104 2203 205:
1140 2139 1198 2205 hos
1221 2140 1344 2227 excipit
1365 2140 1475 2205 Rufini

159 2241 310 2307 'libellus
338 2242 361 2305 f.
383 2243 572 2305 205-th
604 2250 637 2304 et
663 2240 864 2327 interpositis
890 2242 1005 2327 paucis
1031 2240 1263 2307 vocabulorum
1283 2242 1476 2329 interpreta-

175 2343 322 2409 tionibus
351 2342 603 2408 commentarius
630 2341 665 2403 in
690 2340 896 2405 Prisciannm
924 2342 947 2405 f.
971 2344 1028 2405 Pil
1050 2380 1091 2391 -
1108 2345 1181 2407 220.
1232 2362 1272 2406 ex
1297 2340 1359 2407 hoc
1390 2340 1475 2406 libro

177 2466 273 2531 quam
301 2442 477 2529 diligenter
504 2441 580 2507 olim
608 2442 642 2505 hi
669 2464 798 2529 quoque
820 2443 983 2507 Prisciani
1005 2440 1077 2507 libri
1108 2466 1128 2506 a
1155 2442 1258 2508 doctis
1288 2442 1475 2535 hominibus

176 2547 308 2611 tractati
341 2546 407 2609 sint
434 2524 583 2628 intellegi
609 2551 727 2629 potest.
776 2564 852 2609 nam
885 2543 987 2609 multa
1015 2546 1050 2608 in
1077 2543 1280 2629 marginibus
1310 2543 1477 2630 adscripta

176 2657 270 2731 sunt,
292 2646 409 2734 quibus
431 2652 606 2734 praecepta
622 2646 826 2732 grammatici
849 2645 1101 2732 explicarentur.
1139 2644 1197 2710 sed
1220 2667 1259 2710 ea
1278 2647 1387 2710 omnia
1409 2655 1475 2710 tam

177 2751 329 2834 vulgaria
349 2748 402 2812 vel
422 2750 534 2832 inepta
555 2755 641 2827 sunt,
663 2756 700 2811 ut
720 2745 803 2810 nihil
825 2747 961 2832 dignum
985 2768 1058 2811 esss
1082 2745 1276 2812 crediderim
1300 2745 1388 2832 quod
1410 2769 1474 2810 me·

177 2853 300 2917 moriae
320 2850 515 2928 traderetur.
559 2856 674 2912 contra
695 2869 736 2912 ea
757 2867 842 2933 quae
870 2850 905 2912 in
927 2850 1000 2933 ipsa
1019 2851 1181 2936 scriptura
1205 2847 1327 2912 codicis
1349 2856 1476 2912 mutata

178 2961 272 3018 erant
293 2973 358 3017 non
376 2957 526 3038 poterant
544 2948 686 3034 neglegi.
730 2947 812 3012 haec
839 2950 957 3034 igitur,
987 2950 1137 3037 quamvis'
1165 2970 1230 3012 non
1259 2948 1300 3012 ab
1328 2969 1393 3012 uno
1420 2947 1475 3012 ho-

178 3057 267 3119 mine
284 3054 395 3118 omnia
414 3051 561 3138 profecta
583 3071 657 3114 esse
679 3049 825 3132 credam,
855 3057 890 3114 ut
919 3049 1002 3115 solet
1029 3053 1064 3114 in
1087 3051 1147 3114 hoc
1169 3070 1289 3134 genere
1315 3051 1475 3114 incertum

178 3179 251 3222 esse
273 3155 449 3235 iudicium,
473 3163 597 3233 tamen,
620 3150 726 3215 sicubi
748 3150 849 3235 digna
874 3173 947 3216 esse
970 3151 1126 3216 memoria
1147 3149 1360 3233 videbantur,
1391 3173 1475 3214 com-

178 3257 268 3322 muni
292 3277 312 3320 a
338 3253 468 3318 litterae
495 3261 572 3318 nota
599 3252 756 3318 indicavi.
800 3252 859 3317 sed
885 3252 972 3317 hunc
999 3251 1143 3318 codicem
1169 3253 1204 3314 in
1234 3249 1360 3316 duobus
1383 3252 1476 3317 libris

179 3357 221 3422 de
242 3357 356 3443 liguris
377 3375 586 3419 numerorum
608 3353 702 3418 etde
723 3356 836 3418 metris
853 3353 1000 3418 Terentii
1020 3355 1187 3440 usurpavi.
1231 3373 1307 3416 nam
1330 3354 1364 3416 in
1384 3375 1478 3440 prae.

179 3456 468 3524 exercitaminibus
486 3453 616 3542 praeter
637 3455 899 3540 antiquissimum
923 3455 1108 3518 Parisinum
1131 3452 1294 3519 conlatum
1316 3453 1478 3519 habebam

179 3559 421 3626 Leidensem
453 3558 616 3639 codicem,
650 3557 706 3643 qui
733 3564 783 3619 est
810 3558 896 3620 inter
924 3555 1102 3620 Vossianos
1135 3555 1262 3620 formae
1297 3555 1477 3642 quadratae

180 3681 315 3726 numero
334 3660 517 3724 tricesimas
538 3659 667 3722 tertius.
713 3655 839 3742 dequo
864 3657 992 3735 codice,
1025 3679 1088 3744 quo
1114 3665 1146 3721 et
1172 3656 1249 3723 olim
1270 3658 1305 3721 in
1327 3654 1476 3720 Charisio

181 3772 214 3828 et
235 3782 323 3825 nunc
344 3762 379 3824 in
401 3758 528 3824 duobus
543 3758 706 3823 Prisciani
727 3757 821 3822 libris
845 3780 925 3822 usus
953 3778 1025 3822 sum
1054 3766 1086 3822 et
1106 3767 1220 3843 postea
1241 3764 1315 3821 utar
1335 3756 1476 3843 saepius,

179 3863 333 3951 quoniam
367 3862 474 3924 minus
507 3859 698 3944 diligentem
725 3861 760 3922 in
786 3881 824 3924 eo
856 3857 1073 3924 describendo
1100 3859 1202 3924 fuisse
1230 3857 1327 3924 video
1355 3857 1476 3922 Linde-

179 3985 334 4030 mannnm
356 3961 460 4048 prael.
482 3963 516 4026 in
536 3961 640 4026 Prisc.
662 3983 715 4046 op.
737 3961 815 4024 min.
838 3983 871 4045 p.
890 3960 956 4024 XV
970 3981 1053 4045 sqq,
1077 3959 1184 4024 dicam
1202 3959 1397 4024 accuratius.
1434 3979 1477 4022 ex

180 4065 322 4132 diversis
354 4063 456 4148 igitur
488 4061 750 4128 membranarum
782 4059 949 4125 fasciculis
978 4061 1166 4146 conpositus
1198 4067 1257 4126 est.
1308 4081 1327 4123 e
1356 4059 1475 4144 quibus

179 4164 346 4232 fasciculis
365 4165 506 4250 primns,
524 4162 548 4228 f.
575 4167 704 4245 1-56,
728 4163 784 4250 qni
807 4161 870 4226 fuit
888 4159 966 4226 olim
986 4159 1229 4226 Bartholomaei
1250 4159 1476 4245 Schobingeri,
1546 4171 1551 4182 '

181 4266 349 4333 Ciceronis
377 4264 418 4330 de
446 4267 636 4330 inventione
663 4264 766 4330 libros
792 4261 924 4328 saeculo
952 4262 1125 4327 undecimo
1153 4262 1290 4350 scriptos
1317 4261 1477 4326 continet:

180 4370 215 4433 in
234 4366 351 4432 ultima
370 4366 440 4430 eius
461 4367 584 4453 pagina
605 4366 719 4453 scripti
740 4372 817 4428 sunt
843 4385 959 4430 versus
989 4363 1206 4450 quadraginta
1233 4362 1313 4444 duo,
1342 4365 1478 4426 Iiitlsmns

180 4475 219 4534 de
244 4474 446 4534 conmunione
473 4480 503 4533 et
528 4471 701 4546 differente
722 4472 869 4532 rethorice
891 4487 930 4532 oc
957 4470 1128 4537 dialectice,
1155 4467 1247 4528 Multi
1271 4467 1404 4528 rhetores
1427 4483 1477 4527 uo-

179 4585 288 4636 cantur
309 4607 346 4618 -
370 4574 452 4650 quod
475 4577 539 4634 uult
558 4575 748 4634 aduersario.
793 4567 956 4635 secundus
984 4564 1179 4648 fasciculus,
1216 4564 1273 4650 qui
1305 4563 1369 4628 fuit
1398 4565 1477 4628 item

180 4671 410 4758 Schobingeri,
431 4671 455 4735 f.
480 4673 633 4753 57-60,
658 4679 724 4735 tres
747 4667 886 4734 schedas
907 4667 1009 4733 hahet
1027 4689 1070 4732 ex
1092 4665 1205 4732 codice
1228 4665 1335 4730 Persii
1356 4663 1478 4730 duode-
