3400 5325
409 1104 735 1189 renarrem
765 1103 1011 1189 summm
1042 1076 1258 1191 aaron

251 1564 419 1653 Quoniam
442 1576 605 1641 Martinus
626 1577 800 1660 Hertzius,
828 1578 881 1641 vir
902 1578 1135 1661 amicissimus,
1164 1598 1295 1665 operam
1319 1598 1410 1641 suam
1433 1577 1467 1641 in

166 1677 337 1742 Prisciano
358 1676 577 1761 conlocatam,
600 1700 684 1765 quae
705 1679 787 1743 mihi
807 1682 842 1743 in
863 1679 923 1745 hoc
946 1679 1057 1744 labore
1078 1681 1268 1765 gratissima
1289 1678 1366 1761 fuit,
1390 1679 1467 1743 duo-

167 1780 330 1864 deviginti
352 1780 592 1844 institutionum
618 1780 712 1844 libris
734 1780 894 1845 contineri
917 1774 1038 1863 voluit,
1065 1780 1183 1867 reliqui
1203 1780 1295 1863 libri,
1321 1782 1378 1866 qui
1399 1781 1468 1867 qui-

167 1880 241 1945 dem
267 1880 483 1965 grammatici
500 1882 631 1967 generis
661 1890 754 1966 sunt,
787 1904 828 1945 ne
857 1884 891 1945 in
914 1903 1001 1946 nova
1024 1882 1168 1947 editione
1190 1881 1466 1961 desiderarentur,

166 2003 272 2046 meum
302 1980 446 2045 studium
475 1983 660 2045 necessario
688 1982 917 2069 requirebant,
952 1985 1081 2048 tametsi
1110 1984 1218 2046 minus
1247 1991 1396 2068 paratum
1425 1982 1467 2047 ad

166 2082 248 2146 illud
277 2083 444 2167 negotium
473 2093 604 2168 praeter
627 2085 813 2169 opinionem
843 2082 926 2147 mihi
953 2083 1098 2149 oblatum
1127 2106 1179 2148 me
1208 2106 1281 2148 ease
1301 2084 1467 2147 videbam.

167 2183 244 2248 olim
266 2186 369 2263 eninr,
391 2206 465 2248 oum
487 2184 747 2271 manuscriptos
769 2184 871 2249 libros
893 2182 1086 2251 Latinorum
1104 2186 1390 2270 grammaticorum
1413 2205 1467 2248 ex

165 2284 345 2367 cutiebam,
368 2283 531 2349 Prisciani
553 2286 683 2350 codices
705 2294 773 2349 tam
795 2307 893 2371 quam
912 2306 932 2349 a
951 2308 1002 2350 me
1023 2286 1163 2370 alienos,
1186 2295 1360 2385 propterea
1380 2283 1468 2372 quod

114 2402 117 2404 ’
166 2407 221 2450 eos
255 2406 367 2449 omnes
399 2384 441 2449 ab
474 2384 610 2450 Hertaio
648 2394 816 2472 susceptos
850 2410 924 2451 esse
959 2388 1207 2471 existimabam,
1246 2378 1467 2472 neglexeram.

166 2496 280 2575 postea
301 2508 397 2569 vero,
417 2510 490 2550 cum
511 2489 654 2551 minores
676 2486 778 2552 libros
799 2488 841 2550 ab
864 2488 921 2551 illo
944 2490 1193 2575 praetermissos
1214 2510 1286 2552 esse
1309 2487 1467 2566 audirem,

165 2598 339 2676 utrumque
364 2595 508 2652 nostrum
531 2589 648 2653 idoneo
666 2587 902 2653 emendationis
917 2600 1077 2677 apparatu
1093 2590 1283 2656 destitutum
1304 2610 1376 2653 esso
1395 2607 1467 2651 sero

165 2690 326 2756 intellexi.
372 2692 498 2776 itaque,
527 2713 569 2754 ne
590 2713 684 2755 meus
711 2713 802 2755 error
825 2694 962 2776 gravius
990 2693 1219 2757 detrimentum
1243 2698 1354 2755 nostro
1375 2688 1466 2774 operi

165 2793 324 2868 adferret,
345 2792 511 2855 renovatis
535 2791 652 2855 studiis
675 2811 715 2854 ea
736 2813 819 2878 quae
839 2802 936 2857 antea
958 2795 1078 2858 omissa
1097 2802 1189 2858 erant
1207 2790 1380 2856 adicienda
1394 2809 1468 2853 esse

167 2895 276 2957 statui.
322 2902 355 2956 et
375 2891 517 2956 feliciter
539 2892 659 2957 accidit
680 2901 717 2955 ut
736 2901 803 2956 tres
824 2892 1059 2977 bibliothecae,
1083 2915 1163 2981 quas
1181 2915 1218 2959 eo
1235 2889 1372 2955 consilio
1388 2889 1467 2972 adii,
1518 2935 1520 2940 -
1570 2980 1574 2990 ‚

167 2994 332 3075 Parisino,
364 2992 553 3077 Leidensis,
581 2993 859 3080 Guelferbytanae,
889 2997 968 3058 satia
992 2993 1135 3080 amplam
1156 2996 1283 3080 copiam
1309 2990 1469 3082 bonorum

166 3094 322 3159 librorum
352 3101 565 3180 praestarent.
611 3115 676 3181 qua
701 3117 736 3159 re
761 3117 958 3181 quamquam
987 3095 1126 3159 sortasse
1156 3097 1276 3160 rectius
1307 3091 1468 3180 quaedam

166 3197 381 3260 instituissem
410 3205 443 3258 et
471 3194 554 3260 alios
579 3196 708 3261 codices
736 3196 778 3260 ad
807 3197 1069 3261 emendationem
1095 3196 1335 3278 adhibuissem,
1369 3197 1397 3259 si
1425 3192 1467 3256 ab

166 3297 261 3360 initio
283 3297 317 3359 in
339 3295 398 3359 hos
427 3293 527 3360 libros
550 3296 694 3362 studium
723 3320 829 3362 meum
853 3300 1108 3381 convertissem,
1135 3307 1244 3363 tamen
1270 3296 1322 3361 his
1348 3293 1468 3382 quibus

165 3419 247 3462 usus
270 3419 342 3461 sum
363 3418 484 3461 novam
506 3400 728 3463 recensionem
750 3401 797 3463 ita
818 3402 976 3464 munitam
995 3421 1066 3463 esse
1082 3398 1224 3480 confido,
1247 3407 1284 3462 ut
1303 3397 1363 3464 vix
1377 3397 1468 3482 quic-

167 3520 265 3586 quam
289 3499 366 3564 novi
389 3519 431 3563 ex
453 3497 642 3562 melioribus
665 3499 758 3564 libris
781 3501 860 3565 addi
883 3502 996 3588 possit.

252 3599 336 3664 'l'res
358 3599 461 3685 igitur
482 3598 584 3665 libros
605 3601 648 3665 ad
668 3601 898 3689 Symmachum
920 3605 1057 3690 scriptos
1088 3601 1134 3666 de
1156 3601 1309 3687 figuris
1334 3619 1468 3663 nume·

166 3721 302 3765 rorum
336 3709 370 3765 et
405 3701 451 3765 de
483 3703 625 3766 metris
662 3702 914 3768 Terentiit
882 3711 914 3768 et
945 3704 991 3769 de
1023 3699 1467 3792 praeexercitamentis

165 3785 405 3867 rhetoricis
414 3803 544 3888 saepius
567 3825 664 3890 quam
683 3802 827 3889 reliquos
848 3813 924 3891 post
938 3813 1087 3870 octavum
1104 3802 1269 3868 saeculum
1287 3800 1468 3886 descriptos

166 3923 239 3967 esse
270 3904 394 3968 inveni.
442 3923 517 3967 nam
552 3925 626 3968 cum
660 3903 887 3989 duodeviginti
919 3907 1162 3971 institutionum
1187 3904 1289 3969 libros
1318 3903 1364 3967 ita
1390 3900 1466 3964 olim

167 4004 292 4069 divisos
315 4027 388 4069 esse
406 4005 676 4070 animadverterit
693 4005 865 4089 Hertzius,
888 4015 925 4071 ut
943 4009 1100 4095 septimus
1119 4005 1264 4070 decimus
1285 4013 1318 4069 et
1332 4011 1468 4068 octavus

167 4104 329 4183 decimus,
353 4107 409 4192 qui
430 4115 506 4170 sunt
523 4107 564 4172 de
586 4107 792 4171 ordinatione
812 4116 845 4171 et
868 4109 1109 4173 constructione
1132 4109 1329 4188 dictionum,
1352 4127 1372 4168 a
1393 4103 1466 4168 reli-

166 4207 239 4292 quis
263 4207 407 4271 sedecim
428 4214 696 4294 segregarentur,
718 4229 785 4271 una
806 4229 881 4272 cum
904 4207 1031 4274 duobus
1054 4209 1094 4272 de
1115 4209 1357 4273 constructione
1374 4205 1468 4270 libris

166 4315 199 4372 et
223 4306 258 4371 hi
277 4315 345 4371 tres
368 4309 410 4373 ad
430 4308 662 4396 Symmachum
684 4311 801 4395 scripti
821 4317 856 4372 et
877 4331 1008 4374 carmen
1029 4310 1069 4375 de
1091 4308 1290 4396 ponderibus
1309 4317 1342 4373 et
1356 4305 1466 4372 Rufini

166 4410 419 4473 commentarius
440 4411 481 4474 de
500 4411 612 4474 metris
626 4409 774 4474 Terentii
794 4411 873 4497 poni
894 4409 1059 4494 solebant;
1083 4411 1189 4476 rarius
1211 4431 1313 4475 unum
1334 4417 1366 4474 et
1388 4407 1468 4472 alte-

165 4531 238 4574 rum
260 4511 437 4596 separatim
465 4513 668 4597 scripserunt
694 4510 831 4576 librarii.
876 4534 989 4576 omnes
1018 4521 1128 4590 autem
1156 4511 1284 4576 codices
1312 4511 1359 4575 ita
1385 4515 1469 4572 inter

166 4631 203 4674 se
225 4615 450 4696 consentiunt,
472 4621 509 4676 ut
529 4634 733 4678 communem
755 4612 896 4695 fontem,
920 4635 984 4699 quo
1007 4597 1119 4677 omnes
1141 4613 1175 4676 hi
1196 4612 1275 4677 libri
1293 4633 1374 4700 quos
1398 4610 1468 4675 dixi

166 4732 210 4776 ex
227 4713 412 4800 antiquiore
431 4722 539 4779 aetate
555 4714 728 4800 propagati
744 4723 836 4797 sunt,
855 4717 925 4780 sine
940 4735 1060 4800 magna
1078 4713 1269 4779 diversitate
1287 4715 1468 4800 scripturae

1203 4818 1265 4880 25*
