3400 5325
216 180 279 242 456
323 180 510 242 PlllSClle
532 180 627 242 lNST.
646 179 695 240 DE
713 178 860 239 NlllllNE
878 178 927 239 ET
943 177 1165 239 Pnonottts‘tt
1183 178 1231 237 ET
1247 178 1372 239 VERBO
1396 186 1518 241 68—72.

268 295 434 349 ptsts-ror.
1314 292 1466 345 ,unsrun

216 368 345 429 cundum
367 366 546 447 praedictam
564 366 696 443 regulam
717 366 751 426 nt
772 364 809 425 ab
832 366 927 427 activo
946 364 1008 425 ino
1028 362 1181 427 desinente
1203 364 1300 425 addita
1318 382 1348 437 r,
1369 371 1401 425 ut
1422 372 1521 424 amato

165 481 200 533 68
216 478 344 543 amator,
371 470 476 530 doceto
503 468 639 540 docetor,
662 454 751 543 legito
775 466 898 545 legitor,
928 466 1027 527 audito
1054 466 1178 527 auditor.
1225 463 1359 525 similiter
1380 466 1410 526 in
1432 466 1518 527 tertia

217 571 341 651 plurali,
372 579 489 631 amanto
519 578 668 641 amantor,
703 568 829 629 docento
858 568 1014 642 docentor,
1048 568 1168 646 legunto
1197 568 1347 645 leguntor,
1378 566 1517 627 audiunto

219 672 386 733 audiuntor.
429 673 559 733 secunda
578 690 647 732 vero
673 689 799 753 persona
820 691 836 732 a
858 669 986 731 secunda
1010 666 1046 751 ins
1060 665 1192 752 lidicotivi
1208 668 1368 729 mutatione
1390 669 1399 729 i
1422 668 1517 729 lloalis

219 774 250 835 in
272 794 307 834 or
328 776 376 847 lit,
404 782 436 835 nt
457 774 596 834 amamini
622 773 798 844 amaminor,
824 769 970 832 docemini
993 772 1179 842 doceminor,
1204 770 1331 849 legimini
1353 768 1518 847 legiminor,
1545 791 1560 829 s

169 889 204 941 ott
222 876 362 937 audimini
378 875 550 936 audimincr.
581 874 711 937 omnium
731 873 885 933 modorum
910 872 1096 953 praeteritum
1115 872 1276 951 perlectum
1296 878 1326 932 ct
1348 871 1520 951 plusquam·

221 978 401 1059 perlectum,
432 977 509 1037 sicut
534 995 623 1055 supra
646 976 756 1036 dictum
779 984 838 1048 est,
863 994 916 1055 per
936 974 1121 1054 participium
1152 974 1300 1054 praeteriti
1325 974 1467 1053 temporis
1490 982 1520 1034 et

221 1100 286 1143 sum
312 1079 391 1139 verbi
421 1078 646 1139 declinationem
676 1077 838 1156 protertur,
872 1085 903 1137 ut
924 1084 1038 1137 amatus
1067 1094 1148 1148 stim,
1178 1084 1291 1136 amatus
1318 1076 1375 1149 lui,
1405 1084 1519 1137 amatus

224 1200 304 1243 eram
334 1182 463 1252 lucram,
484 1187 598 1240 amotus
620 1196 716 1239 essem
739 1178 880 1251 inissem,
904 1187 1017 1238 umatus
1037 1177 1091 1237 sim
1110 1178 1231 1253 luerim3
1255 1176 1429 1238 subiunctiri
1451 1196 1518 1238 rere

222 1275 352 1344 luturiuu
387 1281 430 1343 sic
463 1290 523 1353 est,
556 1290 670 1341 amotus
703 1298 755 1339 ero
790 1281 882 1341 luero.
928 1278 1066 1341 inlinitira
1097 1280 1212 1358 passive
1244 1279 1279 1339 ab
1306 1278 1407 1339 activis
1444 1280 1558 1340 [lontio

223 1386 279 1445 boc
299 1384 399 1455 modo,
423 1382 584 1444 mutatione
608 1401 624 1441 e
644 1367 738 1441 dualis
760 1382 790 1441 in
812 1382 821 1441 i
849 1381 960 1459 absque
976 1381 1059 1441 tertia
1075 1380 1279 1459 coniugatione
1306 1381 1349 1457 (in
1370 1380 1417 1439 illa
1442 1380 1519 1441 enim

222 1486 334 1547 abiecta
360 1505 391 1546 re
413 1493 542 1545 extrema
564 1483 673 1563 syllaba
694 1483 871 1563 paetmltima
895 1502 910 1542 e
933 1482 989 1542 ini
1013 1482 1218 1558 convertitur),
1243 1491 1275 1544 ut
1297 1500 1393 1543 amore
1416 1483 1517 1555 amari,

171 1596 206 1649 70
223 1566 339 1648 docere
351 1586 459 1657 doceri,
483 1586 580 1663 legere
602 1585 675 1663 legi,
697 1585 798 1645 audire
820 1584 930 1659 audiri;
953 1583 1142 1664 praeteritum
1167 1602 1235 1644 vero
1257 1603 1311 1663 per
1333 1584 1518 1663 participium

185 1733 187 1737 -
222 1688 318 1750 neutri
348 1686 465 1766 generis
492 1694 522 1747 et
549 1686 671 1747 verbum
698 1704 765 1747 esse
794 1685 838 1745 vel
862 1686 953 1747 luisse
982 1686 1029 1758 fit,
1057 1692 1088 1745 nt
1111 1693 1238 1746 amatum
1261 1705 1327 1746 esse
1350 1684 1392 1745 vel
1417 1684 1518 1757 luisse,

223 1791 341 1851 doctum
370 1808 436 1850 esse
466 1789 508 1849 rel
531 1788 638 1862 scrisse,
662 1787 774 1870 lectum
800 1806 867 1850 esse
895 1787 938 1848 rel
970 1788 1076 1857 luisse,
1100 1788 1230 1849 auditum
1252 1806 1319 1847 esse
1341 1787 1385 1847 rel
1410 1787 1556 1861 luisse31s

223 1892 352 1952 loturum
373 1910 427 1971 per
446 1890 631 1969 participium
653 1888 747 1951 simile
775 1898 804 1949 et
832 1889 937 1969 periri
963 1889 1097 1963 verbum,
1123 1898 1156 1949 nt
1175 1898 1302 1951 amatum
1325 1889 1375 1963 iri,
1399 1889 1519 1950 doctum

224 1994 276 2067 iri,
304 1993 414 2053 lectum
442 1992 492 2064 iri,
518 1991 648 2051 auditum
671 1991 714 2051 iri.

309 2092 404 2153 Omne
433 2093 620 2173 participium
650 2093 814 2172 praesentis
842 2092 959 2171 quidem
987 2092 1128 2172 temporis
1155 2092 1184 2152 in
1213 2110 1248 2152 ns
1275 2092 1391 2153 desiuit.
1438 2098 1466 2152 et
1489 2092 1519 2152 in

224 2195 317 2277 prima
336 2193 454 2273 quidem
473 2202 502 2254 ct
523 2193 651 2255 secunda
675 2194 881 2271 coniugatione
903 2195 936 2254 lit
959 2193 1131 2273 interposita
1154 2194 1300 2255 secundae
1315 2212 1467 2273 personae
1489 2212 1518 2267 n,

224 2306 257 2359 ut
278 2314 358 2357 amas
385 2314 501 2369 ainans,
529 2295 618 2356 doces
642 2295 768 2373 docens;
797 2296 934 2357 intortio
960 2314 1028 2355 vero
1050 2304 1079 2355 et
1100 2304 1203 2374 quarta
1229 2314 1248 2355 o
1270 2295 1364 2375 prima
1392 2314 1554 2375 personato

225 2402 259 2461 tit
276 2417 416 2460 conversa
436 2417 454 2457 o
473 2398 502 2457 iu
524 2416 594 2470 ens,
617 2404 649 2457 ut
668 2396 734 2475 lego
754 2397 872 2475 legens,
895 2397 982 2459 audio
1002 2397 1134 2458 audiens.
1168 2398 1313 2477 excipitur
1332 2416 1366 2458 eo
1387 2406 1417 2457 et
1434 2415 1521 2474 queo,

226 2519 301 2579 quae
329 2499 493 2578 euphoniae
522 2518 609 2559 causa
641 2498 704 2559 iens
733 2518 879 2579 presens
906 2510 934 2581 et
955 2500 1059 2578 quiens
1079 2518 1133 2579 pro
1154 2518 1266 2577 queens
1288 2498 1397 2560 iaciunt
1421 2508 1450 2559 et
1471 2516 1522 2577 ge-

176 2615 209 2669 71
229 2602 326 2664 netivo
346 2601 443 2663 euntis
463 2618 516 2681 pro
537 2600 639 2675 lentis,
658 2602 796 2679 queuntis
807 2620 873 2681 pro
892 2600 1027 2679 quientis.
1057 2620 1144 2663 rumne
1167 2601 1351 2682 participium
1375 2601 1520 2681 praeteriti

227 2703 368 2783 temporis
394 2712 407 2764 t
434 2703 479 2763 vel
506 2722 521 2763 s
546 2703 589 2763 rel
617 2702 744 2763 xliabet
765 2711 834 2762 ente
856 2723 907 2776 us,
936 2711 968 2762 ut
989 2711 1103 2764 amatus
1126 2704 1225 2765 laesus
1250 2706 1333 2764 drus.
1379 2703 1523 2783 excipitur

227 2813 370 2866 mortuus.
416 2823 502 2866 omne
526 2805 723 2888 participium
740 2805 829 2865 lutmi
851 2805 881 2864 in
904 2824 955 2865 rus
983 2805 1025 2865 vel
1048 2806 1076 2865 in
1099 2806 1153 2867 dus
1176 2806 1298 2879 desinit,
1322 2815 1353 2867 ut
1373 2814 1554 2867 amaturusrs

228 2907 380 2968 amandus.
424 2907 543 2967 nomina
571 2905 696 2967 verbalia
726 2905 936 2984 plerumquea
965 2907 1118 2986 participio
1140 2908 1288 2986 praeteriti
1319 2909 1391 2968 dunt
1412 2917 1521 2970 mutate

228 3009 307 3070 linali
330 3008 416 3070 usin
439 3027 488 3082 or,
516 3017 548 3068 ut
575 3017 689 3070 ansatus
712 3017 839 3080 amator,
871 3008 975 3069 doctus
997 3009 1108 3070 doctor.
1154 3008 1183 3068 in
1207 3017 1252 3069 tor
1271 3028 1338 3071 roro
1358 3009 1521 3071 desinentia

229 3117 344 3171 mutam
359 3129 421 3170 eam
442 3111 471 3170 in
488 3110 542 3171 trix
564 3119 593 3170 et
612 3110 721 3171 iaciunt
737 3091 920 3184 femininum,
940 3117 970 3171 ut
988 3119 1100 3171 amator
1116 3109 1253 3184 ornatrix,
1275 3111 1380 3172 doctor
1401 3112 1522 3185 doctrix,

178 3219 213 3270 72
229 3213 322 3273 lector
340 3211 456 3284 lectrix,
479 3211 594 3272 auditor
616 3211 749 3272 auditrix.
794 3231 892 3272 rerum
916 3229 1033 3290 quoque
1055 3213 1281 3292 incorporalium
1304 3213 1443 3274 uocabula
1462 3213 1524 3294 ple-

224 3304 354 3390 rumque
376 3313 524 3392 praeteriti
548 3313 688 3392 temporis
712 3311 873 3393 participiis
896 3312 999 3374 similia
1027 3312 1240 3388 inveniuntur,
1254 3316 1306 3376 sed
1330 3321 1451 3393 quartae
1473 3315 1556 3375 ile-eo

231 3414 410 3487 clinationis,
439 3422 471 3474 ut
495 3412 639 3475 iudicatus
669 3414 798 3475 monitus
828 3413 945 3476 babitus
974 3415 1099 3475 auditne.
1146 3417 1219 3476 liunt
1241 3417 1327 3478 etiam
1351 3436 1366 3476 a
1390 3417 1523 3494 genetivo

231 3535 321 3596 supra
350 3515 419 3576 dicti
443 3516 586 3596 participii
613 3515 709 3576 addita
733 3537 766 3588 o,
795 3517 946 3598 cor,jrepta
970 3516 994 3590 i,
1020 3526 1051 3577 ut
1076 3517 1251 3579 coniunctus
1283 3519 1431 3581 coniuncti
1454 3537 1523 3579 cou-

231 3617 351 3690 iunctio,
374 3626 455 3677 ratus
475 3615 480 3698 Ι
499 3617 553 3676 rati
575 3618 663 3691 ratio,
693 3617 869 3697 paenultima
894 3625 1038 3697 correpta.
1084 3627 1247 3680 esttamen
1270 3619 1386 3698 qnando
1407 3619 1524 3699 partici-

231 3719 288 3800 piis
311 3719 399 3780 luturi
421 3719 563 3798 temporis
585 3718 733 3780 femininis
753 3719 782 3779 in
805 3737 837 3779 ra
858 3719 1060 3781 desinentibus
1084 3720 1187 3781 similia
1211 3732 1296 3795 sunt,
1324 3729 1355 3782 ut
1379 3721 1524 3800 scriptura

232 3822 345 3902 pictura
365 3827 521 3881 armatura.
567 3829 611 3880 est
631 3821 746 3898 quando
769 3820 798 3880 iu
820 3839 868 3881 um
891 3821 976 3882 etiam
999 3822 1137 3883 desinunt
1160 3823 1202 3883 rel
1225 3823 1256 3883 in
1271 3819 1284 3906 ll
1300 3841 1348 3896 or,
1369 3831 1399 3884 ut
1415 3824 1557 3883 lactumos

231 3923 343 3983 dictum
365 3920 448 3981 labor
470 3940 561 3982 amor.
606 3923 636 3982 in
658 3943 676 3983 o
696 3922 860 3982 desinentia
884 3923 981 3984 omnia
1004 3925 1164 3985 activorum
1186 3924 1317 4002 regulam
1340 3931 1471 3998 serrant,
1495 3925 1523 3984 in

232 4043 266 4086 or
286 4043 354 4083 rero
382 4023 581 4103 passivorum,
605 4025 641 4085 de
664 4041 787 4102 quornm
810 4023 966 4103 speciebus
988 4025 1017 4085 iu
1046 4025 1138 4086 tribus
1161 4024 1259 4100 libris,
1284 4043 1358 4103 quos
1379 4027 1415 4087 do
1439 4025 1525 4086 uerbo

233 4125 422 4205 scripsimus,
440 4124 527 4187 latius
548 4126 706 4237 dissertum
730 4145 796 4186 esse
818 4125 958 4186 invenies.
1387 4111 1389 4116 ⁵
1477 4131 1489 4142 “

298 4297 319 4351 ,t
338 4295 421 4348 dualis
440 4310 458 4351 ς
476 4295 544 4345 duali
564 4297 586 4347 0
634 4295 820 4346 llsobinnctivi
833 4320 869 4331 —
885 4295 915 4346 to
934 4305 971 4347 est
984 4305 1042 4360 post
1055 4297 1070 4348 8
1084 4297 1212 4362 protertur
1227 4297 1337 4348 dabetG
1387 4298 1422 4346 20
1439 4311 1453 4346 a
1470 4303 1526 4346 unte

233 4365 315 4432 primo
333 4379 379 4414 om.
398 4366 427 4431 0,
444 4367 506 4414 edd.
526 4379 543 4422 ς
617 4367 651 4416 22
670 4381 734 4430 qune
753 4380 770 4422 ς
789 4366 849 4429 quia
870 4366 890 4415 0
