3400 5325
590 930 1117 1073 ruauuxuucuruur.

677 1118 688 1162 Ο
753 1154 956 1165 .-....-

261 1314 283 1355 p.
295 1301 351 1341 rnre.
366 1300 426 1343 aar.
737 1355 785 1417 DE
815 1355 961 1416 ΗΜΛ
1301 1305 1377 1357 praa.
1389 1306 1413 1345 aa
1425 1306 1453 1345 u.

145 1499 191 1550 11
296 1490 405 1551 Fabula
428 1498 483 1551 est.
496 1489 588 1551 oratio
610 1491 678 1551 ueta
700 1490 849 1551 verisimili
872 1492 1064 1571 dispositione
1089 1491 1245 1570 imaginem
1268 1494 1408 1554 exbibens
1430 1496 1505 1559 reri·

207 1594 285 1654 talis.
330 1592 397 1653 ideo
419 1599 516 1653 aulem
538 1591 615 1652 hanc
635 1592 758 1671 primam
784 1594 898 1655 tradere
925 1594 1025 1673 pueris
1054 1593 1149 1654 solent
1171 1603 1319 1670 oratoreS,
1348 1594 1414 1673 quia
1441 1595 1504 1655 ani-

208 1714 273 1756 mos
293 1713 395 1755 eorum
417 1693 513 1753 adhuc
533 1693 636 1754 molles
657 1692 692 1753 ad
715 1693 852 1753 meliores
872 1695 956 1755 laoile
977 1696 1037 1755 rias
1060 1696 1216 1756 instituunt
1238 1696 1320 1755 vilae.
1345 1697 1409 1757 'usi
1434 1706 1527 1757 sonte

103 1808 107 1831 ¹
209 1805 306 1857 tamen
330 1815 363 1855 ea
386 1794 575 1857 vetustissimi
597 1814 714 1873 quoque
737 1804 888 1870 auctores,
915 1803 947 1856 ut
971 1795 1118 1858 Hesiodus
1138 1796 1330 1858 Archilochus
1354 1798 1503 1871 Horatius,
1544 1852 1550 1870 ,

208 1896 355 1957 Hesiodus
370 1897 486 1975 quidem
502 1896 657 1969 lusciniae,
673 1896 866 1958 Archilochus
885 1904 981 1957 autern
998 1898 1107 1977 vulpiS,
1124 1898 1263 1958 lloratius
1278 1900 1376 1959 muris.
1409 1900 1505 1961 nomi—

208 2007 317 2059 nantur
338 2008 434 2058 autem
457 1998 493 2058 ab
516 1997 716 2059 inventoribus
738 1996 901 2059 labularum
925 1998 998 2059 aliae
1015 2000 1152 2079 Cypriae,
1175 1999 1247 2059 aliae
1266 2000 1406 2079 Libycae,
1429 2000 1504 2059 aliae

208 2100 402 2178 Sybariticae,
438 2118 541 2160 omnes
563 2108 659 2160 autem
682 2100 877 2160 communiter
899 2101 1055 2179 Aesopiae,
1090 2102 1227 2179 quoniam
1251 2101 1280 2161 in
1309 2101 1504 2179 conventibus

172 2211 190 2259 a
209 2202 378 2279 frequenter
399 2201 513 2261 solebat
532 2202 665 2292 Aesopus
688 2200 793 2261 labulis
815 2202 866 2261 uti.
912 2209 940 2261 et
962 2202 1089 2281 pertinet
1108 2203 1144 2263 ad
1163 2202 1236 2263 ritae
1255 2203 1260 2283 1
1282 2202 1451 2280 utilitatem,
1474 2212 1505 2263 et
1519 2218 1542 2257 m

206 2305 240 2363 ht
260 2302 440 2375 verisimilis,
474 2302 499 2362 si
525 2321 573 2363 res
596 2319 671 2379 quae
690 2303 831 2364 subiectis
855 2303 993 2364 accidunt
1015 2304 1149 2385 personis
1172 2312 1239 2383 apte
1266 2304 1440 2377 reddantur,
1470 2312 1505 2364 ut

207 2412 276 2484 puta
300 2403 336 2463 de
358 2403 576 2482 pulchritudine
599 2404 704 2481 aliquis
727 2412 834 2478 certat,
871 2422 944 2483 paro
970 2406 1018 2465 hie
1048 2414 1246 2485 supponatur:
1274 2414 1391 2485 oportet
1415 2405 1501 2466 alicui

207 2505 342 2567 astutiam
371 2505 515 2579 tribucre,
550 2505 702 2584 vulpecula
731 2514 776 2565 est
802 2506 988 2566 subicienda:
1022 2508 1182 2567 imitatores
1210 2506 1322 2584 aliquos
1351 2505 1502 2565 hominum

206 2607 341 2668 volumus
363 2607 539 2678 ostendere,
562 2607 611 2667 hic
632 2606 725 2668 simiis
741 2615 787 2667 est
804 2606 897 2668 locus.
932 2615 1050 2688 oportet
1064 2608 1151 2686 igitur
1167 2607 1254 2669 modo
1270 2606 1397 2669 breviter
1413 2611 1502 2668 ruodo

206 2709 293 2770 latius
315 2729 365 2770 eas
388 2709 543 2770 disserere.
582 2708 728 2786 quomodo
748 2718 846 2768 autem
867 2709 924 2769 hoc
944 2708 1014 2770 liat?
1039 2710 1063 2770 si
1087 2729 1166 2770 nunc
1186 2711 1352 2771 narratione
1375 2709 1500 2789 simplici
1516 2727 1539 2766 rs

174 2813 407 2890 aprolerantur,
435 2808 514 2871 nunc
530 2810 617 2870 etiam
632 2807 646 2893 Η
661 2829 758 2870 sermo
774 2809 900 2870 inductis
923 2813 1049 2890 fingatur
1068 2813 1214 2892 personis.
1252 2811 1375 2891 exempli
1403 2829 1502 2884 eausa,

207 2913 322 2975 ‘simiae
340 2920 540 2972 convenerunt
562 2923 593 2998 et
613 2911 767 2972 consilium
788 2911 935 2972 habehant
957 2913 993 2973 de
1016 2913 1088 2974 urhe
1111 2913 1277 2989 condenda,
1299 2922 1328 2974 et
1349 2913 1417 2991 quia
1439 2913 1502 2992 pla-

206 3015 266 3075 cuit
287 3013 360 3084 illis,
383 3024 501 3092 paratae
523 3021 606 3073 eraut
626 3013 757 3094 incipere
779 3013 1020 3074 aedificationem.
1065 3014 1116 3074 sed
1145 3021 1227 3076 relus
1256 3015 1332 3075 inter
1359 3033 1408 3076 eas
1431 3034 1501 3095 pro·

206 3115 300 3176 hibuit
322 3114 364 3174 ab,
379 3114 496 3194 incepto
518 3134 567 3176 eas
589 3115 729 3188 docem„
748 3114 825 3192 quod
849 3115 933 3175 lacile
957 3116 1121 3196 capiantur,
1155 3117 1180 3176 si
1202 3117 1277 3177 intra
1305 3134 1407 3176 muros
1430 3135 1501 3176 con·
1573 3171 1576 3178 .

109 3237 111 3243 ·
206 3216 382 3277 cludantor'.
428 3215 471 3275 sic
493 3215 620 3276 breuiter
641 3215 732 3276 dices.
777 3215 803 3276 si
824 3215 896 3276 reiis
918 3217 1097 3295 producere,
1129 3215 1187 3290 sio,
1218 3217 1332 3278 ‘simiae
1355 3232 1536 3278 convene-eo

204 3327 282 3378 runt.
327 3315 557 3377 consiliabantur
576 3317 613 3376 de
634 3316 708 3376 urbe
727 3316 889 3377 condenda.
934 3335 1057 3394 quarum
1080 3337 1136 3379 una
1159 3321 1190 3379 iu
1218 3320 1346 3380 modium
1369 3319 1499 3392 veniens,

205 3416 371 3480 contionata
394 3425 454 3491 est,
479 3417 547 3495 quia
565 3426 680 3498 oportet
702 3418 782 3497 ipsas
801 3435 919 3496 quoque
939 3419 1083 3479 ciuitatem
1110 3417 1227 3479 hahere.
1269 3419 1385 3482 ‘ridetis
1409 3420 1498 3480 enim'

205 3521 300 3582 aiebat
321 3519 412 3597 ‘quod
435 3519 566 3578 cirinus
587 3519 723 3580 habendo
742 3520 876 3580 homiues
898 3520 1007 3580 hahent
1030 3520 1115 3580 otiam
1135 3521 1238 3581 domos
1255 3521 1362 3600 singuli
1384 3531 1412 3582 et
1431 3541 1501 3584 rou·

205 3623 314 3683 tionem
335 3621 480 3688 universi,
510 3628 539 3681 et
564 3621 594 3680 in
618 3622 763 3681 theatrum
789 3621 984 3682 ascendeutes
1007 3620 1152 3682 delectant
1177 3623 1291 3683 animos
1312 3622 1500 3703 spectationi-

170 3725 260 3786 thas
287 3731 318 3784 et
343 3721 541 3784 auditionibus
566 3722 698 3783 variis.''.
738 3731 767 3782 et
794 3723 837 3784 sic
865 3724 998 3802 proleres
1028 3723 1189 3785 orationem
1215 3724 1357 3785 morando
1387 3724 1537 3798 diceosas

203 3826 282 3905 qnod
303 3833 333 3885 et
352 3822 538 3904 plebiscitum
557 3823 699 3902 scripturn
722 3832 783 3898 est,
806 3832 835 3884 et
857 3824 951 3901 finges
974 3824 1060 3884 etiam
1080 3826 1241 3886 orationem
1262 3825 1368 3886 veleris
1386 3825 1497 3886 simiae.

204 3927 348 4007 expositio
370 3935 467 3986 autern
489 3924 651 3986 tabularum
673 3925 734 3986 volt
754 3924 975 3986 circuitionibus
998 3945 1098 3986 carere
1121 3935 1150 3987 et
1171 3925 1325 3990 iucundior
1339 3946 1414 3988 esse.
1446 3928 1497 3988 sed

203 4030 373 4107 oratioque
396 4027 505 4089 utilitas
528 4025 643 4087 fabulae
665 4025 820 4112 retegitur,
854 4045 941 4104 qtram
971 4027 1149 4108 epimythiou
1180 4036 1299 4102 vocant,
1333 4029 1410 4107 quod
1441 4049 1497 4092 uos

275 4199 286 4249 1
307 4199 374 4250 mori
395 4211 632 4248 rosaxenerrrurma
652 4209 775 4247 narseum
794 4211 951 4246 uuauunrrrr
972 4195 995 4244 P
1069 4200 1086 4245 4
1104 4197 1202 4248 animas
1221 4197 1277 4246 PV
1349 4198 1496 4265 7quideoq

203 4284 303 4334 quoque
322 4269 346 4316 P
426 4267 517 4316 lurinie
540 4266 568 4313 V
649 4265 710 4314 iliu
729 4265 937 4315 conuenientibus
955 4266 1144 4316 Piuueutislt
1229 4269 1258 4316 12
1276 4268 1307 4316 de
1326 4267 1498 4334 pulcritudine

201 4341 274 4402 aquis
294 4337 377 4402 (corr.
397 4338 548 4401 anistaua
572 4336 600 4384 V
665 4333 766 4383 lruiclt
840 4333 872 4384 13
891 4347 927 4384 esr
948 4353 994 4388 ora.
1012 4336 1037 4384 P
1087 4336 1139 4384 ’ll
1157 4337 1245 4385 semiis
1263 4336 1320 4387 PV
1400 4337 1432 4388 16
1449 4339 1497 4388 llo·

201 4407 289 4476 gatur]
308 4407 473 4472 figuretan
544 4405 574 4454 17
594 4405 689 4454 semine
708 4403 765 4452 PV
830 4402 901 4468 quia]
922 4419 972 4466 qua
995 4407 1022 4454 V
1081 4404 1287 4471 liliucoeptolt
1350 4405 1496 4458 20semiae

202 4478 357 4528 Psaemine
379 4477 406 4524 V
472 4477 503 4524 21
524 4474 692 4523 inmedioP
760 4471 1104 4538 23siugulosltsiugulos
1127 4474 1171 4523 VS
1241 4475 1427 4527 'lbdoceusll

200 4546 318 4609 ‘quuod
336 4555 360 4594 et
387 4545 561 4610 plebisscitum
584 4557 601 4598 ς
633 4543 699 4606 quod
719 4556 734 4590 a
755 4542 928 4606 plebisscitum
953 4543 1050 4592 Paua
1078 4534 1122 4590 ὅτι
1145 4539 1193 4592 καὶ
1216 4537 1247 4592 τὸ
1277 4537 1411 4608 ψήφισμα
1439 4538 1495 4610 ἐγέ-

200 4615 341 4679 yponrtolt
410 4615 504 4663 semine
526 4615 553 4662 V
619 4612 651 4661 27
670 4609 735 4676 volt]
755 4612 836 4662 oelS
894 4611 928 4662 28
946 4612 1072 4678 deregitur
1090 4613 1115 4661 P
1190 4611 1270 4679 quod]
1290 4618 1406 4676 quaan
