3400 5325
381 245 632 307 Platanona-:s
656 245 708 306 xtt
731 245 837 305 VERS.
857 245 941 306 AEN.
966 245 1051 306 Vllll.
1079 253 1227 309 169-176
1399 243 1458 302 501
1495 233 1500 246 ’

210 373 232 414 p.
245 362 303 402 raca.
318 361 344 401 aa
357 361 381 404 r.
1251 371 1273 411 ρ.
1283 357 1369 399 aaa-n
1381 358 1409 399 a.

695 449 868 509 quaeque
889 431 973 510 ipse
993 431 1201 492 miserrima
1223 431 1305 490 ridi.

160 535 225 596 ideo
256 542 355 596 autem
383 534 570 595 discretivum
596 534 717 606 dicitur,
756 533 823 611 quia
860 531 999 592 discernit
1032 551 1187 611 personam
1226 532 1273 592 cui
1304 531 1456 609 coniungi·

161 647 223 708 tur,
253 637 413 697 ostendens
442 654 495 713 per
521 654 553 694 se
576 637 673 696 lacere
695 643 724 695 et
745 652 802 694 non
827 653 880 713 per
901 633 1004 706 alium,
1032 643 1064 694 ut
1081 627 1269 712 ‘quaeque
1291 633 1371 712 ipse
1393 633 1459 693 mi·

161 738 318 798 serrima
338 737 443 809 vidi',
467 737 524 796 boc
547 745 592 796 est
610 737 673 816 ipse
696 756 750 816 per
768 755 824 808 me,
846 755 905 795 non
930 755 982 814 per
1003 735 1099 795 alium.
1133 735 1194 804 llic,
1215 735 1369 795 derivativa
1390 755 1458 814 pro-

138 839 277 900 snomina
302 847 373 915 quot
395 836 484 899 sunt?
506 839 641 917 Septem,
666 857 749 899 meus
772 848 842 899 tuus
865 854 936 897 suus
954 845 1057 897 noster
1077 845 1172 897 vester
1195 844 1311 896 nostras
1334 844 1455 896 vestras.

161 941 239 1010 Quot
265 947 334 1000 sunt
361 936 593 1019 declinaltiones
620 938 849 1018 pronominum?
891 939 1049 1011 Quattuor,
1079 934 1273 998 unaillorum
1296 935 1421 1016 quaein
1446 939 1453 998 i
1476 947 1525 997 173

160 1042 270 1101 iaciunt
291 1041 456 1119 genetivum
478 1039 670 1115 malatinam,
692 1049 724 1100 ut
746 1041 802 1100 mei
824 1040 910 1113 mibi,
935 1039 975 1099 tui
1000 1039 1067 1114 tibi,
1088 1040 1132 1100 siri
1152 1040 1224 1116 sibi;
1246 1040 1335 1101 altera
1357 1059 1456 1101 eorum

160 1161 233 1221 quae
261 1144 291 1204 in
320 1143 366 1203 ius
393 1141 502 1221 babent
529 1144 709 1220 genetivum,
737 1151 768 1202 ut
792 1142 870 1202 illins
894 1143 995 1217 buius;
1022 1141 1105 1228 tertia
1130 1160 1231 1202 eorum
1254 1161 1329 1220 (perae
1351 1161 1458 1203 secun·

159 1246 229 1306 dum
259 1245 377 1305 mobilia
405 1245 589 1304 declinantur
617 1244 752 1315 nomina,
780 1263 864 1303 ureris
889 1253 957 1303 tuus
988 1263 1059 1303 sirus
1088 1251 1189 1302 noster
1216 1253 1327 1318 vester·;
1354 1252 1456 1320 quarta

128 1365 237 1425 roquae
259 1347 375 1406 tertiam
398 1347 548 1406 nominum
570 1345 793 1406 declinationem
818 1345 966 1422 seqnitur,
991 1353 1107 1405 nostras
1129 1353 1251 1422 vestrae.
1287 1346 1369 1415 Qtrae
1389 1351 1458 1406 sunt

161 1446 270 1508 dubia?
294 1447 376 1518 Quae
399 1447 483 1506 stoici
507 1447 622 1525 quidem
645 1445 839 1524 antiquissimi
866 1448 942 1506 inter
965 1446 1104 1508 articulos
1127 1445 1208 1526 [cum
1232 1447 1457 1528 praepositioni·

161 1548 233 1629 bus]
255 1549 418 1628 ponebant,
440 1548 560 1608 llomani
582 1558 679 1609 autem
702 1549 779 1608 inter
794 1548 965 1627 pronomina
989 1548 1098 1609 infinita
1120 1548 1163 1608 vel
1185 1547 1390 1626 interrogativa
1412 1548 1457 1608 vel

160 1651 280 1713 relativa
291 1650 335 1710 vel
347 1650 498 1722 redditiva,
515 1648 717 1727 Dionysius
733 1668 800 1709 vcro
816 1651 872 1710 etd
881 1649 1068 1728 pollonius
1084 1650 1352 1710 etHerodianus
1369 1647 1457 1709 ratio-

161 1740 300 1813 nabiliter
314 1751 392 1812 inter
406 1752 533 1812 nomina.
570 1759 639 1812 sunt
655 1760 751 1810 alitem
775 1751 1022 1812 substantiaeve!
1046 1752 1192 1829 qualitatis
1214 1752 1257 1811 vel
1284 1751 1454 1830 quantitatis
1477 1763 1525 1833 114

126 1854 206 1919 ravel
231 1853 345 1915 numeri
375 1851 526 1933 [inlinita].
570 1852 767 1924 substantiae,
796 1861 827 1921 ut
856 1853 937 1930 quie,
967 1853 1043 1928 quod
1068 1861 1125 1912 tam
1151 1853 1388 1932 interrogativum
1413 1863 1458 1914 est

161 1972 247 2034 quam
270 1955 434 2018 inlinitum.
460 1936 543 2015 cuius
566 1954 716 2014 relativum
741 1939 875 2031 estqui,
904 1954 981 2031 quod
1004 1972 1057 2033 per
1080 1973 1112 2016 se
1135 1955 1252 2032 quidem
1275 1955 1403 2024 acuitur,
1418 1943 1456 2016 in

160 2059 285 2118 lectione
307 2075 374 2116 vero
394 2063 538 2133 gravatur.
582 2057 729 2116 invenitur
748 2065 845 2116 tamen
870 2055 956 2116 etiam
979 2075 1033 2135 pro
1057 2055 1122 2133 quis
1142 2064 1228 2134 atque
1248 2063 1309 2117 tum
1332 2057 1458 2116 circum-

135 2139 296 2220 'nectitur
341 2157 451 2236 obliqui
473 2165 570 2217 autem
596 2176 696 2217 eorum
718 2177 820 2230 casua,
844 2156 961 2234 quando
985 2155 1154 2218 relationem
1178 2155 1370 2241 signillsrcant,
1393 2177 1459 2236 gra-

120 2288 139 2293 <·
159 2269 274 2321 rantur.
320 2258 468 2336 qualitatis
486 2257 596 2336 qualis,
620 2258 696 2336 quod
720 2258 928 2337 paenultimam
953 2259 1174 2332 circumflectit,
1195 2259 1315 2336 ,quando
1334 2259 1458 2319 interro-

122 2363 289 2441 rogativam
313 2370 375 2435 est;
394 2361 510 2438 quando
533 2378 602 2419 vero
622 2358 765 2420 infinitum
787 2369 832 2420 est
852 2360 896 2419 vel
918 2359 1085 2432 relativum,
1109 2361 1224 2420 acuitur
1241 2360 1358 2433 ultima,
1383 2380 1458 2439 quac

161 2471 258 2545 tamen
281 2463 311 2522 iu
333 2462 460 2524 lectione
483 2463 610 2540 sopitur:
630 2462 693 2522 eius
715 2462 887 2523 reddituum
912 2461 985 2522 talia.
1022 2461 1074 2520 llic
1097 2460 1293 2542 quantitatis
1313 2463 1456 2535 Quantus,
1480 2476 1525 2526 lta
1560 2531 1563 2538 Ι

111 2621 116 2629 .
162 2565 240 2642 quod
266 2563 400 2624 similiter
421 2563 474 2622 tn'a
500 2563 659 2639 significat,
685 2563 960 2640 interrogationem,
989 2563 1106 2640 quando
1129 2562 1305 2641 paenultima
1329 2565 1458 2639 acuitur;

137 2666 278 2744 ,quando
300 2684 367 2725 vero
386 2664 502 2737 ultima,
531 2664 675 2724 infinitum
698 2664 742 2723 val
766 2665 916 2725 relativum
941 2672 1001 2736 est,
1021 2666 1099 2742 quod
1125 2666 1258 2725 similiter
1281 2666 1309 2725 in
1333 2666 1459 2725 lectione
1502 2722 1508 2730 .

162 2768 293 2847 sopitur3
316 2768 380 2827 eius
398 2766 572 2826 redditivum
589 2773 696 2825 tantus
738 2766 850 2825 numeri
872 2774 957 2843 quot,
979 2767 1056 2843 quod
1080 2766 1213 2826 similiter
1234 2767 1286 2826 tria
1304 2754 1458 2843 significat,

124 2868 421 2946 zainterrogationem
454 2866 648 2927 induitionem
684 2866 872 2926 relationem:
913 2868 962 2926 sed
991 2867 1108 2944 quando
1136 2867 1373 2945 interrogativum
1403 2876 1457 2941 eat,

162 2970 293 3044 acuitnr;
321 2969 438 3046 quando
460 2976 558 3028 autem
583 2968 733 3027 relativum
757 2968 799 3027 vel
822 2968 984 3041 inlinitum,
1007 2969 1036 3028 in
1059 2970 1184 3030 lectione
1210 2978 1359 3047 gravatur:
1393 2970 1457 3029 eius

162 3072 336 3133 redditivum
360 3076 410 3131 tot,
454 3069 507 3129 llic
528 3068 716 3129 derivativum
741 3069 776 3128 ab
800 3069 933 3145 eoquod
961 3072 1103 3148 estquis
1150 3072 1240 3133 (Iulus
1264 3072 1326 3131 cuia
1348 3071 1463 3144 cuium,
1478 3086 1527 3135 1111

162 3191 237 3251 quae
266 3180 335 3233 sont
356 3170 523 3251 possessiva
549 3170 675 3239 infinita,
704 3189 778 3248 quae
803 3170 906 3230 Gracci
935 3191 993 3231 non
1023 3172 1140 3233 babent.
1184 3182 1336 3253 praeterea
1358 3173 1407 3233 bic
1431 3181 1460 3233 et
1496 3190 1503 3205 ¹

162 3275 236 3336 baec
261 3273 341 3333 cuias
373 3281 402 3332 et
428 3274 485 3332 boc
516 3269 625 3344 cuiate,
653 3271 741 3331 buius
770 3272 889 3345 cuiatis,
920 3291 994 3350 quae
1023 3286 1092 3335 sunt
1118 3275 1236 3351 gentilia
1264 3274 1384 3335 infinita.
1431 3283 1461 3334 et

29 3396 35 3403 ·
123 3376 330 3446 nesciendum,
355 3372 432 3451 quod
452 3374 526 3433 baec
544 3372 766 3432 declinationem
789 3370 1004 3459 pronomilnum
1027 3373 1137 3435 babent
1151 3376 1276 3453 quisvel
1295 3377 1344 3455 qui
1365 3376 1457 3449 cuius,

163 3487 192 3538 et
214 3493 278 3536 carn
299 3483 397 3535 tamen
419 3473 619 3551 inaequalem,
639 3494 705 3535 cum
724 3474 921 3535 accusativum
943 3494 1028 3553 quern
1051 3478 1119 3537 lacit
1138 3486 1166 3537 et
1186 3476 1342 3538 ablativum
1361 3497 1377 3538 a
1399 3496 1457 3555 quo

162 3578 205 3638 vel
233 3578 320 3656 aqui
346 3588 375 3637 et
402 3575 529 3635 dativum
558 3574 698 3655 pluralem
725 3574 831 3654 quibus
860 3576 904 3637 vel
932 3577 1006 3655 quis.
1053 3578 1135 3648 Quae
1159 3588 1228 3639 sunt
1250 3579 1304 3641 alia
1328 3578 1457 3649 nomina,

162 3696 237 3757 quae
265 3654 492 3739 declinationem
524 3675 729 3756 pronominum
758 3675 889 3737 habent?
934 3680 964 3739 ln
994 3698 1030 3739 us
1057 3680 1175 3757 quidem
1204 3680 1365 3740 desinentia
1397 3698 1457 3751 sex,

162 3798 239 3841 unus
262 3779 339 3840 ullus
363 3777 462 3838 nullus
487 3778 567 3838 solus
594 3786 673 3839 totus
703 3778 793 3853 alius,
822 3778 851 3838 in
876 3798 908 3839 er
934 3799 1000 3843 vero
1023 3779 1099 3855 duo,
1124 3788 1189 3842 uter
1210 3790 1239 3841 et
1260 3782 1348 3853 alter,
1374 3789 1402 3840 et
1425 3799 1459 3840 ex

125 3881 211 3941 asnis
241 3879 404 3961 composita
435 3887 556 3959 excepto
591 3888 695 3940 neuter
726 3871 834 3940 nentri.
880 3880 932 3941 bio
961 3882 1168 3943 nominativum
1193 3882 1229 3942 ab
1252 3903 1287 3943 eo
1314 3882 1391 3960 quod
1415 3890 1461 3943 est

162 4001 205 4043 ea.
239 3980 433 4041 masculinum
457 3980 576 4055 alesia,
600 3980 771 4041 lemininum
792 4000 841 4055 ea,
862 3992 997 4043 neutrum
1018 3983 1056 4043 id.
1094 3982 1169 4054 Ouid
1189 3983 1278 4043 babet
1297 3982 1457 4043 notandum
1478 3997 1525 4046 111

249 4166 266 4216 8
284 4168 355 4216 tertia
376 4180 462 4216 eorum
482 4168 504 4218 S
520 4167 592 4215 tertia
609 4165 651 4215 CG
735 4166 952 4220 udecttnatoro
1043 4169 1070 4219 ll
1093 4184 1150 4217 cum
1169 4170 1404 4234 praepositionibus
1427 4171 1463 4219 od

161 4240 301 4288 doctrinam
317 4238 449 4286 stoicorum
464 4238 494 4285 dc
508 4237 704 4300 praepositione,
721 4253 794 4301 quma
812 4240 869 4289 illos
890 4240 1055 4290 coniunctioni
1069 4241 1225 4304 copulavisse
1241 4242 1370 4290 adnotavit
1386 4240 1461 4289 Pris-

160 4311 250 4357 cianus
266 4322 293 4368 p,
308 4306 374 4363 574,
394 4309 523 4371 pertinere
545 4307 644 4355 videtur
749 4308 780 4356 12
800 4309 840 4355 rel
859 4308 965 4357 relativa
984 4324 1029 4359 om.
1052 4310 1073 4359 G
1162 4308 1193 4356 tt
1213 4310 1278 4358 liner
1296 4311 1398 4359 nomina
1420 4307 1463 4359 GS

160 4379 230 4426 inter
245 4376 396 4441 pronomina
416 4376 436 4425 C
499 4377 530 4424 15
549 4375 648 4425 inliuita
667 4376 710 4426 CG
728 4376 842 4425 infinitae
860 4378 881 4427 S
954 4378 983 4427 18
1001 4378 1096 4441 obliqui
1116 4378 1170 4427 eins
1191 4388 1274 4427 autern
1293 4394 1368 4428 casua
1388 4380 1409 4428 6

164 4448 196 4497 19
212 4444 387 4495 circumflectit
405 4448 426 4495 S
447 4446 653 4494 circumflectitur
669 4446 712 4495 GG
782 4448 815 4495 25
834 4446 880 4495 sed
901 4448 1002 4511 quaudo
1021 4448 1230 4512 interrogatiuum
1250 4459 1288 4498 est
1306 4448 1461 4498 influitiuum

161 4516 263 4565 acuitur
281 4515 486 4576 quandoautem
502 4516 634 4564 relatiuam
651 4516 676 4563 in
694 4516 714 4563 0
731 4515 777 4563 sed
792 4517 893 4578 qnando
914 4518 1123 4583 iuterrogatiuum
1139 4517 1177 4564 uel
1192 4516 1316 4568 infinitum
1335 4526 1374 4566 est
1392 4517 1462 4565 acui-

161 4597 204 4635 tur
226 4584 327 4647 quando
347 4593 431 4633 autem
455 4584 588 4633 relatiuam
609 4585 674 4634 inS
696 4585 742 4633 scd
765 4586 867 4647 quando
889 4584 1102 4652 interrogatluum
1127 4587 1226 4635 acuitur
1249 4587 1288 4636 uel
1308 4586 1460 4636 inlinitiuum

162 4654 266 4717 quando
285 4663 370 4701 autem
386 4654 521 4702 relatiuam
539 4655 565 4701 ἱιι
585 4652 674 4716 Grcs.
694 4656 819 4704 Priscian.
833 4669 860 4716 p.
875 4654 927 4705 580
945 4664 970 4705 et
982 4670 1063 4716 surpra
1074 4669 1101 4718 p.
1112 4654 1164 4706 492
1227 4655 1260 4706 34
1279 4671 1341 4707 uero
1360 4657 1381 4707 G
1399 4672 1462 4719 ‹puo-

90 4772 95 4781 ,
161 4738 213 4787 que
231 4722 272 4773 OS
341 4724 375 4773 35
394 4722 463 4785 quod
481 4730 520 4770 est
537 4722 690 4786 eaSquod
708 4733 746 4772 est
764 4723 790 4773 id
810 4723 832 4772 G
850 4724 919 4787 quod
940 4725 1018 4775 estG
1177 4730 1180 4735 ’
