3400 5325
702 282 909 349 PRAEFATIO
1400 290 1458 335 vnn

165 472 223 536 ille
242 471 381 536 alicuius
403 468 576 535 Krehliani
597 468 766 552 librarius,
789 470 846 556 qui
860 470 946 533 inter
961 468 1068 555 ipsum
1087 466 1295 535 describendi
1316 463 1459 531 officium

165 574 338 661 suspirans
360 572 441 637 ‘ach
465 571 567 636 Gotl'
590 572 781 659 appinxisse
803 580 963 639 narratur.

253 673 326 758 Ego
348 696 427 738 vero
447 674 534 760 quod
551 674 635 737 hanc
656 681 821 737 extremae
842 672 938 737 huius
957 674 1062 759 partis
1080 672 1317 740 ordinationem
1335 692 1355 733 a
1372 668 1458 732 Pris-

165 779 262 841 ciano
280 776 464 839 institutam
485 776 682 857 invenerim,
702 798 768 841 non
789 775 831 840 ob
854 776 958 861 ipsam
980 773 1064 839 hanc
1085 796 1154 840 rom
1178 795 1256 839 sane
1277 772 1357 837 satis
1379 771 1459 835 levi·
1496 828 1502 843 ,

165 878 304 945 densem
333 883 539 963 perspectam
566 876 714 963 gaudeo,
744 876 801 942 sed
828 876 974 960 gaudeo,
1002 876 1088 963 quod
1117 874 1194 940 inde
1224 875 1307 953 vidi,
1332 864 1403 939 eam
1425 872 1459 935 in

60 1034 64 1039 .
165 980 339 1045 Prisciano
370 977 570 1044 recensendo
603 986 700 1064 atque
736 976 940 1043 emendando
974 979 1149 1059 rationem,
1178 998 1278 1063 quam
1308 974 1458 1061 equidem

166 1090 301 1147 secutus
322 1102 411 1163 sum,
439 1080 537 1145 unice
556 1100 669 1144 veram
694 1100 776 1143 esse.
820 1100 897 1144 nam
924 1088 961 1144 ut
988 1078 1045 1144 illa
1063 1077 1134 1163 lex,
1159 1100 1256 1164 quam
1283 1076 1325 1141 ad
1352 1059 1459 1162 ip'sum

167 1184 374 1248 Priscianum
390 1181 598 1248 referendum
618 1202 691 1247 esse
707 1180 882 1245 nemodum
901 1180 1046 1266 negabit,
1066 1182 1240 1268 perspicue
1257 1186 1331 1243 ante
1346 1178 1458 1242 oculos

167 1286 278 1373 posita
300 1284 359 1367 sit,
380 1283 416 1349 id
435 1306 473 1349 eo
495 1283 625 1348 demum
641 1282 791 1347 effectum
814 1292 880 1367 cst,
903 1282 990 1371 quod
1007 1283 1156 1369 equidem
1169 1280 1304 1347 nonnisi
1327 1278 1382 1359 Ὠ.
1396 1278 1459 1341 ST.

155 1388 214 1451 ·1).
234 1384 290 1449 F!
313 1406 386 1450 esse
407 1388 537 1471 putavi,
560 1384 595 1450 id
616 1386 772 1473 estquod
794 1393 941 1450 veterum
964 1406 1003 1449 ac
1023 1383 1160 1449 fidorum
1180 1382 1328 1448 codicum
1349 1402 1461 1444 manu-

168 1488 364 1573 scriptorum
385 1487 612 1552 auctoritatcm
634 1496 765 1551 secutus
795 1508 970 1573 eorumque
988 1486 1160 1551 lectionem
1181 1483 1234 1549 vel
1256 1482 1461 1568 corruptissi-

170 1612 260 1654 mam
282 1588 503 1653 emendationi
531 1588 779 1652 fundamentum
807 1588 1018 1669 substruens,
1048 1586 1142 1651 codd.
1165 1585 1342 1651 deteriores
1364 1592 1461 1669 atque

173 1692 334 1757 editiones
378 1689 421 1754 ad
437 1689 641 1755 emendanda
659 1690 789 1777 quidem
812 1682 955 1755 auctoris
980 1688 1083 1753 verba
1106 1689 1140 1752 in
1161 1686 1322 1751 auxilium
1343 1684 1461 1751 vocavi

168 1803 270 1879 atque
291 1791 379 1856 haud
397 1812 504 1878 pauca
530 1800 622 1857 recte
644 1788 779 1857 inventa
803 1791 880 1856 inde
903 1790 1107 1877 deprompsi,
1137 1811 1249 1853 omnes
1271 1808 1350 1851 vero
1373 1787 1462 1852 lecti·

171 1916 268 1975 ones,
292 1914 376 1979 quae
390 1915 479 1957 mero
497 1893 632 1958 arbitrio
650 1894 809 1979 originem
825 1892 962 1976 dehent,
978 1892 1137 1979 imprimis
1153 1897 1355 1955 constantem
1372 1887 1462 1952 illam

170 1996 317 2059 locorum
333 1994 535 2060 Graecorum
556 1993 858 2082 interpolationem,
881 2015 964 2081 quae
988 2015 1099 2059 omnes
1114 1993 1281 2080 hueusque
1303 1991 1462 2055 editiones

169 2096 246 2183 plus
266 2098 374 2161 minus
395 2087 580 2184 inquinavit
598 2118 726 2184 quaque
747 2096 800 2162 vel
824 2095 1034 2182 Spengelius‚
1057 2095 1190 2158 criticus
1219 2092 1462 2179 sagacissimus,

171 2198 368 2283 aliquotiens
397 2198 523 2287 imponi
558 2197 621 2264 sibi
652 2196 767 2285 passus
794 2206 861 2280 est,
895 2198 965 2261 sinc
998 2194 1066 2259 ulla
1096 2194 1312 2259 haesitatione
1345 2192 1462 2257 abieci.
1553 2224 1557 2231 ·

170 2322 250 2364 nam
265 2298 298 2363 id
312 2318 391 2364 mox
407 2309 613 2386 perspectum
631 2299 807 2374 habebam,
825 2298 1005 2364 editoribus
1022 2297 1065 2361 ad
1079 2319 1178 2361 unum
1194 2295 1344 2361 omnibus
1361 2294 1462 2359 libros

172 2423 301 2484 eorum,
324 2400 380 2488 qui
401 2400 498 2465 hodie
521 2403 715 2488 superstites
734 2408 824 2483 sunt,
847 2401 978 2487 optimis
1001 2399 1149 2465 meliores
1172 2404 1260 2463 certe
1282 2396 1323 2461 ad
1346 2416 1463 2460 manus

172 2526 240 2568 non
259 2503 378 2586 fuisse,
405 2504 504 2567 immo
525 2501 677 2583 lacunas,
707 2522 788 2586 quas
810 2524 868 2589 per
888 2500 977 2567 locos
1000 2500 1144 2566 Graecos
1167 2501 1202 2565 in
1220 2521 1299 2563 mss.
1324 2499 1391 2562 suis
1415 2499 1462 2561 in·

172 2606 362 2687 venissent,
391 2601 600 2670 lemmatibus
619 2603 793 2667 arbitraris
816 2604 910 2668 etad
934 2602 1127 2669 Latinorum
1146 2602 1336 2690 plerumque
1357 2620 1464 2664 exem·

171 2706 301 2794 plorum
316 2727 389 2770 enm
410 2706 450 2769 iis
471 2705 716 2770 coniunctorum
729 2703 833 2769 verba
846 2703 1005 2769 confectis
1027 2703 1283 2790 vulgaribusque
1306 2701 1465 2786 exemplis

172 2799 295 2874 additis
312 2805 353 2870 ab
368 2807 409 2872 iis
426 2824 498 2870 esse
515 2805 673 2894 expletas.
709 2806 772 2870 duo
790 2814 918 2884 tautum
938 2815 1014 2870 sunt
1031 2806 1109 2888 loci,
1133 2807 1188 2892 qui
1205 2826 1247 2869 ex
1264 2801 1465 2890 plenioribus

173 2911 313 2992 fortasse
330 2929 408 2973 mss.
428 2906 561 2972 deducti
590 2929 663 2972 esse
693 2907 880 2985 videantur.
924 2929 1060 2994 quorum
1085 2907 1183 2982 alter,
1207 2905 1295 2968 Isaei
1317 2903 1408 2967 locus
1431 2904 1465 2966 in

146 3072 148 3074 ,
172 3007 261 3076 Isaei
282 3008 485 3074 orationibus
508 3008 739 3096 superstitibus
761 3030 828 3072 non
851 3017 1014 3090 servatus,
1037 3029 1131 3095 quem
1154 3005 1277 3071 Aldina
1296 3004 1396 3069 editio
1418 3015 1466 3067 at·

170 3111 252 3178 tulit
283 3111 357 3195 (lib.
384 3109 506 3174 XVIII
526 3113 547 3190 §
570 3111 656 3198 158),
690 3133 733 3175 ex
761 3109 863 3174 Suidu
898 3110 1004 3194 possit
1036 3121 1124 3173 certe
1156 3108 1346 3194 desumptus
1375 3128 1464 3189 esse;

172 3211 404 3299 Xenophontis
426 3233 505 3276 vero
528 3210 773 3277 Hellenicorum
798 3210 906 3292 locus,
939 3212 994 3297 qui
1015 3211 1048 3274 in
1070 3209 1122 3275 ed.
1144 3209 1305 3274 Venetam
1328 3230 1359 3272 a.
1384 3211 1464 3272 1492

172 3317 317 3378 insertus
340 3321 400 3395 est,
423 3312 480 3377 lib.
495 3311 615 3376 XVIII
635 3313 742 3395 5200,
764 3300 916 3377 undecim
938 3313 1033 3376 annis
1055 3320 1242 3398 antequam
1264 3311 1338 3398 ipsa
1359 3309 1466 3375 Helle·
1493 3321 1496 3330 '

172 3417 251 3480 nica
270 3415 361 3501 typis
381 3413 660 3492 describerentur,
691 3435 734 3478 ex
755 3413 827 3478 cod.
850 3413 1095 3478 Hellenicorum
1116 3436 1175 3477 ms.
1203 3412 1350 3499 depromi
1378 3421 1466 3476 certe

170 3517 295 3604 potuit,
319 3535 513 3602 quamquam
532 3514 669 3580 lacunae
691 3514 829 3579 alicuius
854 3517 890 3580 in
908 3515 1078 3580 Prisciano
1100 3523 1177 3580 nota
1192 3514 1224 3578 h.
1242 3514 1264 3580 l.
1280 3537 1322 3578 ne
1345 3514 1466 3577 nostris

171 3618 307 3705 quidem
324 3616 417 3682 libris
430 3619 561 3681 omnino
575 3616 677 3681 deest.
702 3627 735 3681 at
753 3615 904 3704 exempla
915 3617 997 3682 hace
1010 3617 1107 3702 plane
1120 3616 1316 3705 singularia,
1327 3615 1466 3696 etiamsi,

171 3719 262 3807 quod
284 3719 320 3801 in
340 3717 608 3782 adnotationibus
628 3719 671 3784 ad
692 3721 750 3784 hos
768 3718 859 3783 locos
877 3719 1071 3804 conscriptis
1093 3719 1191 3781 nimis
1214 3717 1353 3782 fortasse
1375 3737 1468 3802 prae·

169 3823 279 3886 fracte
304 3810 442 3903 negavi,
473 3818 516 3883 ad
537 3841 615 3884 mss.
637 3819 846 3885 Priscianeos
867 3841 932 3883 uno
955 3819 1101 3884 alterove
1128 3819 1198 3884 loco
1221 3818 1384 3905 pleniores
1411 3839 1467 3880 eos

168 3923 317 4002 referas,
339 3922 468 3985 etiamsi
486 3941 586 3984 unum
609 3921 790 3986 alterumve
811 3919 932 3986 iisdem
951 3919 1138 3986 addendum
1160 3941 1231 3983 esse
1255 3942 1297 3983 ex
1318 3918 1469 4002 vestigiis

169 4022 376 4088 tenuissimis
394 4031 427 4086 et
441 4043 494 4086 me
507 4021 802 4087 iudice-fallacibus
821 4021 1017 4104 contendas,
1032 4044 1162 4088 normae
1177 4022 1324 4107 generali
1339 4043 1359 4084 a
1373 4017 1468 4084 nobis

167 4124 360 4212 propositas
392 4133 424 4188 et
456 4125 529 4210 ipso
561 4123 617 4189 illo
647 4123 761 4190 ordine
790 4123 996 4210 alphabetico
1030 4126 1179 4188 restituto
1213 4123 1369 4210 probatae
1402 4143 1467 4185 non

168 4224 342 4290 officiunt:
361 4225 522 4310 quomodo
540 4233 689 4291 veterum
708 4225 838 4292 illorum
859 4225 1018 4290 editorum
1036 4227 1286 4310 sagacissimus,
1309 4223 1468 4288 Aldinum

168 4327 265 4406 dieo,
288 4346 358 4388 rem
377 4325 557 4390 absolverit
577 4335 682 4413 patet,
710 4330 739 4391 si
761 4336 942 4391 extremam
963 4325 1085 4392 laboris
1112 4328 1181 4391 eius
1201 4335 1327 4413 partem
1350 4325 1427 4390 inde
1449 4347 1468 4388 a

166 4427 232 4494 lib.
255 4425 377 4490 XVIII
399 4431 419 4508 ξ
441 4428 518 4509 252,
545 4427 604 4492 ubi
622 4428 787 4514 perbonus
815 4427 901 4493 liber
922 4427 1087 4510 Gallicus,
1119 4449 1182 4514 quo
1206 4449 1243 4492 eo
1263 4449 1367 4514 usque
1389 4449 1468 4492 usus

168 4535 261 4608 erat,
295 4548 371 4592 eum
403 4527 527 4592 defecit
534 4575 543 4609 ,
576 4551 650 4592 cum
676 4527 949 4615 praecedentibus
978 4550 1163 4615 compares:
1199 4538 1364 4594 extremae
1392 4529 1469 4594 huic

166 4628 261 4716 parti
282 4625 361 4693 libri
384 4629 542 4714 imprimis
564 4629 766 4715 Scaligerani
792 4629 968 4695 collatione
997 4631 1172 4715 diligenter
1200 4631 1349 4696 adhibita
1373 4654 1467 4718 opem

167 4728 288 4794 attulit
307 4727 423 4794 Helias
444 4729 631 4794 Putschius.
675 4730 794 4818 quodsi
815 4731 917 4817 igitur
938 4732 1009 4796 iure
1031 4752 1091 4796 suo
1113 4730 1288 4799 Dobraeus
1311 4734 1354 4797 ad
1375 4734 1468 4802 Aris·
