3400 5325
249 248 313 312 396
616 292 619 296 ›
790 246 1003 309 runsrnrlo

248 431 510 497 accommodatos
530 452 603 495 esse
617 430 861 496 existimabant.
901 452 1007 517 neque
1021 438 1131 494 tamen
1153 432 1285 495 omuino
1305 430 1452 497 defuisse
1473 431 1549 496 huic

248 533 332 599 libro
353 533 638 619 grammaticorum
657 532 780 609 studia,
805 533 900 597 testis
919 541 969 596 est
992 533 1244 597 commentarius
1266 532 1424 618 Remigii,
1451 554 1547 619 quem

249 636 283 700 iu
306 634 418 701 codiee
437 634 589 699 Parisino
610 636 690 698 7581
715 633 846 698 saeculo
870 634 996 699 decimo
1014 634 1068 697 vel
1092 632 1264 697 undecimo
1286 632 1444 720 seriptum
1467 632 1546 699 vidi.

248 736 325 801 libri
343 746 572 810 autem-manu
594 734 725 820 scripti,
750 755 832 821 quos
854 734 985 820 quidem
1007 734 1118 823 paullo
1138 736 1324 799 accuratius
1348 734 1546 815 examinavi,

248 839 295 901 ita
312 838 398 901 inter
411 858 447 901 se
461 836 654 922 conspirant
669 857 797 919 omnes,
819 843 857 899 ut
871 836 1158 920 grammaticorum
1175 834 1292 902 studiis
1309 856 1375 901 uon
1395 858 1544 921 magnam

248 940 462 1002 mutationem
477 960 549 1003 eum
565 937 684 1003 librum
701 936 843 1003 subiisse
858 945 934 1001 aute
950 937 1159 1001 undecimum
1177 945 1266 1002 certe
1278 936 1443 1001 saeculum
1457 942 1545 1019 (nam

249 1040 290 1109 de
307 1038 544 1104 recentioribus
560 1037 654 1135 libris
680 1060 745 1103 uon
765 1038 936 1125 quaesivi)
961 1037 1128 1126 adpareat.
1172 1038 1267 1125 plura
1287 1038 1396 1103 conati
1419 1047 1495 1103 sunt
1523 1039 1545 1103 ii

249 1142 307 1228 qui
317 1140 431 1227 quinto
443 1139 570 1205 decimo
586 1140 717 1205 saeculo
734 1138 815 1204 baec
827 1138 937 1205 studia
947 1138 1165 1204 recoluerunt.
1186 1162 1260 1203 uam
1277 1142 1430 1227 princeps
1446 1140 1545 1205 editio

249 1263 278 1305 a.
301 1244 381 1305 1471)
401 1240 489 1303 facts
505 1262 526 1305 a
540 1240 708 1305 veteribus
723 1240 892 1306 codicibus
908 1262 1027 1325 magno
1046 1262 1142 1328 opere
1158 1239 1337 1327 discrepat,
1349 1242 1428 1305 sive
1444 1242 1473 1304 is
1490 1240 1544 1327 qui

234 1342 387 1407 editioni
408 1340 552 1429 praefuit
578 1342 659 1406 bae'c
680 1341 803 1429 primus
830 1342 985 1424 mutavit,
1012 1342 1099 1423 sive,
1127 1340 1162 1406 id
1186 1342 1272 1428 quod
1301 1342 1407 1426 magis
1435 1341 1544 1427 probo,

249 1443 395 1508 codicem
423 1442 472 1506 sic
496 1451 657 1507 mutatum
684 1444 823 1507 invenit.
873 1443 1052 1529 principem
1085 1452 1195 1506 autem
1228 1444 1403 1515 editionem
1433 1450 1546 1530 postea

249 1544 367 1631 reliqui
388 1542 530 1609 editores
553 1565 665 1607 omnes
688 1545 735 1608 ita
764 1546 868 1609 secuti
891 1554 982 1626 sunt,
1012 1553 1064 1627 ut,
1087 1552 1314 1631 praeterquam
1338 1543 1426 1630 quod
1450 1564 1545 1631 quae·

84 1692 92 1699 -
179 1648 182 1651 ’
249 1648 325 1711 dam
336 1646 466 1711 Graeca
479 1644 865 1709 uomina-etlatiuorum
887 1644 1117 1711 vocabulorum
1139 1644 1442 1731 interpretationes,
1463 1664 1546 1731 quse

249 1750 284 1812 in
299 1747 357 1811 illa
373 1747 495 1810 omissa
516 1753 626 1827 eraut,
648 1748 837 1811 coniectura
858 1746 1071 1829 addiderunt,
1093 1747 1152 1811 vix
1168 1767 1321 1832 umquam
1337 1744 1380 1809 ab
1400 1766 1440 1809 ea
1460 1766 1546 1809 rece·

249 1850 379 1930 derent3
410 1848 445 1911 in
464 1868 531 1911 una
551 1844 676 1912 Aldina
697 1848 841 1913 editione
864 1848 978 1935 paucis
996 1846 1078 1911 locis
1100 1869 1199 1911 manu
1222 1848 1378 1934 scriptum
1402 1846 1545 1912 codicem

249 1948 433 2015 adhibitum
455 1968 528 2011 esse
547 1947 718 2034 probabile
739 1957 798 2013 est.
843 1969 1016 2034 quaecum
1033 1950 1220 2031 itaessent,
1243 1949 1278 2013 id
1293 1948 1435 2013 maxime
1450 1970 1546 2033 agen·

250 2051 328 2116 dum
349 2049 609 2130 existimarint
624 2049 717 2125 liber,
738 2051 889 2136 quamvis
913 2049 1024 2134 exigui
1047 2070 1126 2115 sane
1147 2050 1260 2136 pretii,
1282 2059 1407 2115 remota
1425 2049 1547 2115 recenti

249 2152 406 2217 Italorum
429 2149 681 2237 interpolatione
708 2150 752 2215 ad
778 2152 920 2237 priscam
947 2150 1096 2215 codicum
1118 2153 1304 2217 memoriam
1328 2159 1546 2217 revocaretur.

250 2254 294 2318 ad
320 2273 419 2339 qnam
439 2273 508 2317 rem
530 2273 605 2315 cum
624 2274 725 2316 unum
751 2251 874 2316 bonum
898 2251 1045 2317 codicem
1073 2252 1153 2316 mihi
1178 2251 1330 2317 sulficere
1358 2251 1547 2333 iudicarem,

251 2356 368 2421 ducem
384 2351 471 2437 elegi
492 2352 727 2417 Parisinum
752 2355 853 2418 7498
876 2352 1162 2418 membranaceum
1181 2352 1284 2417 forma
1298 2353 1474 2439 quadrata,
1492 2354 1548 2439 qui
1617 2406 1622 2417 .

251 2456 329 2521 olim
353 2453 485 2520 Claudii
503 2452 644 2517 Puteaui
662 2453 735 2519 fuit.
780 2477 818 2519 eo
839 2456 1049 2519 continentur
1070 2454 1167 2537 haec,
1192 2454 1215 2517 f.
1243 2454 1362 2519 1-56*
1387 2452 1548 2519 Prisciani

251 2558 293 2623 de
313 2556 556 2623 construetione
577 2554 654 2619 libri
677 2554 758 2621 duo:
782 2553 807 2619 f.
829 2555 975 2621 57—80*
994 2555 1140 2619 eiusdem
1161 2555 1354 2639 partitiones
1377 2554 1548 2620 duodecim

251 2681 406 2726 versuum
428 2656 612 2722 Aeneidos:
641 2656 667 2720 f.
690 2655 836 2722 81-88*
858 2655 1005 2722 eiusdem
1028 2658 1188 2722 institutio
1212 2656 1402 2722 denomino
1423 2667 1456 2722 et
1477 2679 1549 2744 pro·

250 2762 383 2828 nomine
405 2769 439 2824 et
460 2758 578 2824 verbo:
611 2758 635 2822 f.
655 2758 822 2822 89-1114*
846 2757 1008 2845 Eutychis
1030 2781 1084 2822 ars
1105 2758 1147 2823 de
1169 2759 1456 2843 coniugationibus
1471 2765 1548 2822 ‘ver-

252 2862 365 2928 borum
376 2911 385 2944 ,
409 2867 515 2940 incipit
534 2867 679 2940 prdopus
699 2863 771 2923 iibri
787 2866 900 2924 euticis.
935 2865 1005 2924 Cum
1025 2881 1142 2940 semper
1164 2900 1205 2910 -
1222 2868 1457 2940 coniunctionem
1478 2881 1547 2924 esen-

251 2969 335 3028 dieut
353 2967 424 3028 aba
444 2961 468 3025 f.
492 2965 680 3026 lut-108*
704 2969 946 3026 commentarium
967 2968 1061 3039 rufini
1080 2968 1139 3026 viri
1156 2968 1343 3028 disertissimi
1360 2968 1551 3041 mannaan

251 3069 450 3130 arumnensis
471 3070 501 3127 in
520 3072 616 3126 metra
638 3070 816 3126 mentiens.
840 3067 988 3128 Euantius
1001 3075 1095 3128 -esi
1113 3071 1164 3128 uel
1183 3072 1347 3128 meabarim
1371 3065 1417 3150 (p.
1432 3061 1547 3148 2719):

158 3175 162 3182 ’
251 3167 276 3232 f.
306 3170 364 3231 109
386 3173 419 3229 et
442 3168 500 3227 110
526 3183 657 3226 carmen
677 3163 719 3228 de
739 3163 955 3249 ponderibus,
985 3169 1072 3228 lierni
1095 3169 1200 3243 surani
1223 3172 1346 3246 epistula
1374 3170 1413 3228 de
1435 3169 1547 3244 ponde·

251 3273 335 3332 ribus
354 3288 395 3331 ea
416 3287 505 3330 ansa
524 3270 656 3329 einsmm
674 3271 755 3329 clari
772 3273 906 3330 auctoris
927 3270 972 3328 ad
990 3271 1193 3345 mamuchan
1219 3273 1341 3332 nsenico
1366 3273 1432 3331 iure
1459 3258 1548 3330 misse

251 3374 364 3448 incipit.
403 3371 543 3432 Pendere
567 3372 761 3447 paeoniis-
785 3373 849 3431 sine
879 3373 966 3446 aquis
992 3374 1126 3447 capitula
1152 3373 1284 3432 eiusdan
1310 3373 1456 3447 epistulae
1474 3371 1495 3430 I
1513 3371 1550 3430 de

248 3473 435 3551 ponderibus
451 3473 645 3533 commnrnter
658 3471 697 3530 II
714 3472 752 3531 de
764 3473 950 3546 ponderibus
970 3476 1156 3534 metallorum
1170 3473 1227 3532 III
1238 3473 1277 3533 de
1298 3475 1445 3533 maurus
1463 3473 1548 3547 uqa-

253 3578 359 3637 dorum
380 3575 456 3636 IIII
474 3575 513 3634 de
535 3569 718 3649 ponderibus
745 3576 986 3633 somniatorum:
1021 3569 1043 3634 f.
1079 3573 1136 3634 110
1151 3571 1291 3634 -1211*
1320 3567 1483 3632 Prisciani
1507 3567 1548 3632 ad

252 3672 483 3759 Symmachum
501 3670 578 3734 libri
597 3679 681 3752 tres,
703 3675 856 3734 Prisciani
873 3675 989 3736 libellus
1014 3677 1052 3736 de
1078 3675 1269 3751 padanus.
1297 3675 1342 3736 De
1362 3675 1453 3736 laude
1473 3691 1548 3750 sym·

252 3779 360 3839 naabi
396 3777 572 3837 Priscianus
593 3777 808 3850 prummatieus
832 3777 1003 3850 synnaclro
1029 3811 1065 3822 -
1091 3779 1250 3852 inplorinrn
1275 3783 1327 3838 est.
1377 3771 1435 3836 sed
1469 3770 1550 3836 haec

253 3897 360 3962 neque
382 3872 424 3939 ab
445 3894 511 3937 uno
532 3873 663 3938 bomine
690 3873 812 3957 scripta
834 3893 907 3936 esse
930 3877 1039 3939 omnia
1063 3897 1168 3961 neque
1198 3877 1294 3938 unius
1322 3873 1445 3939 codicis
1473 3873 1549 3938 olim

253 3975 357 4040 fuisse
376 3996 442 4040 non
465 3975 570 4039 solum
591 3975 664 4060 ipsa
685 3972 861 4036 diversitas
882 3976 1063 4062 scripturae
1080 3977 1214 4057 indicat,
1234 3997 1348 4042 verum
1371 3975 1470 4038 etiam
1492 3995 1549 4037 nu·

252 4098 414 4142 merorum
435 4076 595 4163 quaedam
617 4078 773 4162 vestigia,
804 4079 942 4166 quaein
963 4077 1038 4141 imis
1058 4075 1252 4142 schedarum
1272 4075 1475 4161 marginibus
1494 4074 1549 4138 ad-

253 4185 384 4265 parent,
411 4186 583 4241 testantur.
628 4199 669 4241 ea
693 4179 781 4241 enim
803 4200 887 4266 quae
910 4177 932 4241 f.
955 4183 1047 4241 57-
1067 4182 1125 4242 1114
1149 4179 1271 4264 scripta
1294 4185 1385 4254 suut,
1418 4177 1480 4241 hoc
1501 4182 1551 4240 est

253 4279 414 4343 Prisciani
446 4280 609 4343 institutio
642 4279 684 4344 de
713 4280 843 4344 nomine
877 4289 910 4343 et
937 4281 1127 4366 pronomine
1156 4287 1188 4344 et
1215 4278 1315 4344 verbo
1344 4287 1378 4342 et
1404 4274 1549 4344 eiusdem

251 4381 444 4470 partitiones
462 4388 495 4443 et
507 4378 667 4466 Eutychis
685 4379 786 4463 liber,
809 4381 852 4444 ad
873 4379 1018 4445 codicem
1038 4379 1179 4467 aliquem
1203 4377 1333 4444 saeculo
1349 4401 1435 4444 nono
1451 4379 1550 4465 scrip·

252 4490 322 4545 tum
342 4479 418 4545 olim
438 4480 647 4570 pertinebant
653 4530 662 4562 ‚
684 4483 773 4569 prior
793 4489 901 4546 autem
921 4503 997 4568 pars
1021 4482 1045 4544 f.
1072 4483 1185 4546 1-56
1208 4501 1273 4544 una
1295 4501 1368 4544 cum
1391 4481 1432 4544 iis
1452 4501 1549 4544 mens·

252 4583 375 4665 branis,
398 4602 482 4669 quae
504 4581 582 4648 elim
604 4604 676 4646 eam
699 4582 918 4669 excipiebant,
938 4589 1052 4669 postea
1078 4605 1156 4648 vero
1179 4583 1222 4646 ad
1244 4581 1340 4647 finem
1362 4580 1484 4645 codicis
1502 4599 1550 4643 re-

251 4685 359 4748 iectae
374 4691 461 4766 sunt,
478 4681 502 4747 f.
517 4687 694 4769 109-120,
713 4684 776 4750 hoc
791 4693 843 4748 est
861 4683 925 4750 duo
946 4684 1024 4748 libri
1045 4683 1086 4750 de
1108 4683 1348 4750 constructione
1369 4691 1402 4748 et
1420 4701 1549 4746 carmen
