3400 5325
489 241 675 303 t‘tttscttttt
703 238 1080 303 unnuuxuuctututun
1111 253 1186 305 1-8
1398 239 1457 300 431

218 369 239 409 p.
256 354 356 397 1330-32
370 354 394 395 Ρ.
1246 370 1268 410 p.
1283 356 1328 397 427.
1341 356 1367 395 29
1382 356 1409 398 ls'.
1457 365 1460 391 ε

167 426 402 487 allabulatiouem
421 446 581 505 possumus
601 426 714 500 dicere,
738 445 755 486 a
775 425 950 514 quibusdam
972 427 1080 506 prima,
1101 429 1105 509 Ι
1126 426 1177 488 sed
1203 446 1218 487 a
1244 428 1392 507 plerisque
1414 445 1461 487 ra·

166 527 336 589 tionabilius
357 536 506 607 postrema
535 528 662 607 ponitur.
707 527 861 589 sciendum
887 546 971 601 vero,
1005 528 1082 606 quod
1112 528 1199 589 etiam
1227 537 1358 589 oratores
1385 527 1461 588 inter

167 629 299 709 exempla
322 628 418 690 solent
440 628 545 690 tabulis
571 630 623 691 uti.
640 626 653 710 ΙΙ

651 780 701 840 ns
728 760 978 841 unnnnnous.

147 932 159 968 ⁵
251 917 384 978 Narratio
407 924 453 977 est
467 915 611 995 expositio
625 916 667 977 rei
688 917 781 977 laetae
797 916 840 975 vel
860 916 941 994 quasi
962 914 1065 977 iactae.
1102 916 1220 993 quidam
1236 925 1334 977 tamen
1349 916 1461 993 χρείαν,
1485 925 1546 979 Ito

166 1018 195 1078 id
219 1026 264 1078 est
284 1036 386 1091 usum,
407 1025 570 1097 posuerunt
590 1026 658 1077 ante
680 1004 888 1079 narrationem.
933 1018 1047 1097 species
1067 1025 1162 1079 autem
1179 1026 1247 1079 sunt
1263 1020 1461 1079 narrationum

168 1127 320 1197 quattuor,
349 1118 489 1182 fabularis
511 1118 609 1179 lictilis
636 1119 775 1179 historica
803 1116 904 1179 civilis.
951 1119 1089 1179 fabularis
1112 1128 1156 1179 est
1181 1119 1217 1179 ad
1238 1120 1351 1180 sabulos
1374 1138 1461 1199 supra

167 1220 260 1281 dictas
281 1220 449 1300 pertinens,
470 1219 567 1281 fictilis
585 1220 621 1280 ad
644 1219 809 1298 tragoedias
832 1220 892 1279 siue
911 1220 1077 1281 comoedias
1097 1221 1178 1292 licta,
1201 1221 1339 1283 historica
1358 1222 1393 1281 ad
1414 1239 1462 1281 res

168 1330 266 1398 gestas
287 1320 491 1400 exponendas,
512 1320 626 1395 civilius
644 1339 719 1399 quae
739 1320 777 1381 ob
800 1321 965 1382 oratoribus
987 1321 1017 1381 iu
1038 1321 1218 1399 exponendis
1247 1302 1373 1383 sumitur
1394 1341 1463 1383 cau-

135 1424 220 1485 tosis.
261 1441 340 1483 nuuc
367 1430 464 1482 autem
492 1422 529 1481 de
554 1441 588 1481 ea
619 1440 694 1499 quae
720 1421 756 1483 ad
788 1423 1025 1483 exercitationem
1052 1423 1180 1502 pertinet
1202 1422 1342 1501 dicimus;
1374 1434 1497 1501 quamtt
1557 1487 1564 1502 ,

169 1524 257 1587 variis
277 1525 413 1603 prolerre
431 1523 525 1584 modis
547 1523 692 1596 solemus,
715 1543 769 1602 per
789 1533 904 1584 rectum
925 1524 1127 1597 indicativum,
1150 1542 1202 1603 per
1217 1523 1402 1585 indicativum
1419 1523 1462 1584 in·

169 1626 322 1698 dinatum,
356 1645 410 1704 per
440 1624 647 1697 convictuum,
681 1644 734 1703 per
761 1624 952 1699 dissolutum,
985 1644 1039 1703 per
1067 1625 1306 1705 comparativum.
1351 1636 1463 1687 rectum

169 1727 285 1805 quidem
307 1726 509 1796 indicativum,
532 1735 565 1785 ut
584 1725 696 1786 ‘Medea
719 1727 824 1786 Aeetae
845 1727 903 1786 utta
927 1726 996 1800 luit;
1018 1726 1092 1786 haec
1114 1726 1242 1805 prodidit
1265 1744 1385 1787 aureum
1405 1726 1464 1787 rel·

169 1828 228 1889 lus'
248 1838 277 1888 et
299 1828 460 1905 sequeutia.
505 1836 617 1895 redum
640 1834 737 1887 autem
751 1826 934 1901 nominatur,
958 1827 1034 1905 quod
1051 1846 1105 1907 per
1122 1836 1212 1888 totam
1230 1827 1272 1888 rel
1292 1828 1463 1907 ampliorem

135 1946 159 1987 ts
170 1930 332 1991 orationem
355 1946 456 1990 casum
479 1937 577 1989 servat
598 1928 817 1989 nominativum.
861 1928 1014 1989 indicativa
1038 1948 1104 1990 vero
1130 1930 1268 1990 inclinata
1290 1927 1411 2002 dicitur,
1433 1929 1463 1989 in

169 2050 225 2109 qua
248 2030 375 2109 obliquis
400 2030 507 2091 utimur
528 2030 662 2101 casibus,
694 2037 726 2090 ut
755 2029 916 2103 ‘Medeam
939 2031 1043 2091 Aeetae
1066 2030 1169 2105 liliam,
1198 2030 1298 2091 dicunt
1321 2030 1463 2091 amavisse

169 2133 314 2195 lasonena'
347 2140 377 2191 et
404 2130 533 2209 reliqua,
564 2131 632 2209 quia
659 2131 734 2213 alios
760 2150 878 2209 quicque
908 2150 996 2192 casus
1029 2132 1161 2193 assumit.
1207 2132 1365 2192 convictisa
1396 2150 1464 2191 sero

170 2236 342 2310 figuraest,
373 2250 429 2310 qua
458 2240 615 2309 arguentes
637 2233 761 2306 utimur,
791 2243 823 2293 ut
844 2233 925 2310 ‘quid
947 2234 1025 2293 enim
1044 2251 1103 2293 non
1126 2233 1195 2293 lecit
1214 2232 1314 2294 llledea
1335 2231 1465 2293 titulum?

66 2407 68 2410 ¹
170 2354 230 2396 uon
258 2334 365 2395 amavit
391 2334 509 2411 quidem
537 2333 688 2406 Iasonem,
723 2334 853 2413 prodidit
885 2341 982 2395 autem
1011 2340 1132 2395 aureum
1153 2332 1157 2415 l
1176 2334 1283 2408 tellus,
1318 2334 1464 2395 interfecit

132 2434 327 2497 solratrem'l'
351 2445 380 2495 et
404 2435 565 2513 sequeutia.
610 2435 784 2497 dissolutum
804 2455 873 2497 vero
896 2436 928 2495 tu
945 2436 1003 2510 sic,
1029 2436 1157 2509 ‘Medum
1179 2438 1284 2495 Aeetae
1303 2435 1371 2509 lilia,
1393 2449 1495 2514 pro-7

140 2548 145 2557 “
169 2538 242 2599 didit
266 2556 386 2598 aureum
414 2536 521 2610 vellus,
554 2536 709 2614 Absyrtum
730 2536 876 2598 interiecit
900 2540 1032 2598 lratrem'
1056 2546 1085 2598 et
1107 2538 1269 2615 sequentia.
1313 2556 1465 2615 compara-

170 2640 257 2702 tivum
281 2658 348 2700 sero
370 2646 415 2701 est
433 2639 507 2712 hoc,
530 2638 659 2713 ‘lllcdea,
680 2639 787 2700 Aeetae
804 2639 878 2712 tilia,
911 2639 1022 2700 debens
1039 2638 1207 2719 pudicitiam
1228 2656 1360 2711 servare,
1384 2656 1465 2700 amo·

169 2743 211 2802 ris
231 2741 403 2821 turpitudini
426 2741 554 2820 prodidit
572 2759 650 2814 eam,
672 2751 700 2799 et
722 2760 808 2817 qttam
837 2740 959 2801 decebat
987 2741 1137 2802 custodem
1161 2740 1306 2800 fraternae
1331 2740 1392 2800 lieri
1418 2759 1465 2828 ⁵³5

169 2844 256 2916 lutis,
278 2842 425 2903 interfecit
446 2843 582 2914 tratrem,
605 2851 634 2901 et
652 2859 727 2918 quae
746 2840 848 2902 debuit
872 2842 955 2902 tutari
982 2861 1102 2902 aureum
1123 2841 1230 2914 vellem,
1257 2841 1374 2902 tradidit
1395 2839 1466 2901 insi-

133 2946 297 3005 asdiatori'.
343 2953 371 3003 et
393 2947 506 3004 rectum
522 2943 639 3021 quidem
658 2943 797 3002 biston'ae
818 2943 969 3018 convenit;
990 2951 1035 3003 cst
1050 2943 1125 3004 enim
1145 2942 1274 3021 planius:
1295 2941 1464 3003 inclinatum

170 3066 238 3107 vero
259 3045 352 3124 magis
372 3045 582 3105 certaminibus
603 3043 774 3124 rltetoricisj
807 3044 999 3105 convictivum
1024 3063 1092 3104 vero
1118 3044 1153 3104 ad
1176 3044 1356 3121 arguendum
1381 3051 1466 3104 a'cco-

169 3147 330 3222 modulus,
359 3146 533 3208 dissolutum
558 3154 654 3208 autem
677 3144 912 3225 perorationibus
943 3145 1002 3206 sive
1031 3144 1286 3222 conclusionibus;
1321 3155 1366 3208 est
1387 3145 1465 3206 enim

169 3250 334 3330 passivum,
365 3249 393 3308 id
417 3256 463 3309 est
484 3249 607 3310 allectus
629 3249 717 3309 animi
740 3267 938 3310 commovens.

739 3401 788 3461 DE
818 3401 895 3462 VSV.

134 3559 163 3601 ao
257 3536 333 3597 Vsus
361 3545 423 3609 est,
458 3554 545 3614 quem
569 3535 672 3597 Graeci
694 3537 795 3614 χρείαν
823 3543 943 3610 vocant,
979 3536 1216 3596 commemoratio
1245 3537 1385 3598 orationis
1412 3535 1498 3599 ali-8

172 3638 256 3700 cuius
271 3634 285 3721 ΙΙ
299 3638 343 3697 vel
360 3638 428 3697 lacti
448 3637 493 3697 rel
510 3638 662 3715 utriusque
679 3638 779 3709 simul,
801 3638 926 3698 celerem
944 3637 1057 3698 babens
1077 3637 1372 3710 demonstrationem,
1391 3657 1466 3716 quae

170 3739 304 3801 utilitatis
326 3739 450 3799 alicuius
470 3738 643 3818 plerumque
665 3759 753 3800 causa
776 3741 934 3819 protertur.
980 3757 1087 3799 usuum
1109 3747 1206 3798 autam
1229 3737 1275 3799 alii
1306 3748 1374 3800 stant
1401 3758 1466 3798 ora·

170 3841 296 3902 duuales
318 3839 366 3900 alii
387 3840 481 3901 activi.
526 3840 703 3901 orationales
726 3850 795 3902 sunt
815 3841 923 3918 quibus
943 3841 1036 3902 oratio
1058 3840 1135 3900 inest
1158 3839 1233 3914 sola,
1258 3846 1290 3900 ut
1310 3840 1404 3899 ‘Plato
1423 3840 1467 3900 di-

172 3943 258 4003 cebat
273 3941 373 4002 Musas
391 3942 429 4001 iu.
445 3941 551 4002 animis
571 3959 637 4002 esse
659 3942 901 4018 ingeniosorum';
922 3943 1006 4004 activi
1029 3959 1097 4014 uero
1111 3941 1140 4000 iu
1162 3941 1268 4019 quibus
1290 3949 1373 4001 actus
1390 3942 1467 4002 inest

135 4043 270 4118 ursolus,
292 4054 326 4103 ut
347 4042 521 4120 ‘Diogenem
545 4062 612 4104 cum
632 4043 753 4103 vidisset
774 4033 900 4122 puerum
926 4043 1097 4104 indecenter
1119 4050 1268 4120 agentem,
1296 4041 1466 4122 pedisecum
1558 4109 1561 4116 ¹

241 4202 451 4269 uexptonandos
477 4204 501 4254 lt
574 4203 605 4252 10
623 4213 707 4252 autem
729 4217 795 4264 quae
813 4203 862 4252 dea
882 4203 915 4252 ad
937 4205 962 4253 V
1037 4201 1214 4251 excitationem
1237 4202 1292 4252 PV
1372 4202 1403 4251 ta
1422 4217 1468 4267 per

170 4272 324 4322 dissolutum
344 4288 395 4337 per,
411 4273 603 4337 conparatiuum
626 4288 673 4336 per
696 4282 791 4322 rectum
816 4273 956 4336 quidemS
983 4271 1135 4322 dissolutum
1157 4271 1347 4336 conparatiuum
1372 4281 1467 4320 rectum

172 4343 275 4406 quidem
298 4342 371 4390 VPlt
444 4343 475 4391 lt
495 4343 537 4403 qui
555 4343 620 4390 alios
639 4343 744 4404 Pquae
762 4342 826 4391 alios
843 4343 867 4390 n
937 4340 968 4390 21
987 4340 1092 4390 fratrem
1110 4355 1156 4389 om.
1177 4339 1246 4389 VPS
1322 4341 1355 4389 ‘22
1378 4342 1468 4391 medea

172 4422 244 4461 actae
266 4412 315 4460 dea
333 4409 385 4458 tltia
411 4411 438 4456 V
493 4411 527 4461 26
546 4411 689 4460 cotanictum
706 4425 768 4460 uero
788 4411 1016 4461 Pcuuiuuetiuum
1035 4424 1097 4458 uero
1114 4409 1195 4472 (corr.
1215 4407 1326 4472 quoque)
1345 4408 1467 4458 Sconui-

169 4482 266 4546 cliuum
285 4493 385 4542 quoque
403 4479 460 4528 RV
512 4479 546 4531 30
564 4495 640 4543 quern
658 4481 683 4529 P
699 4495 776 4544 quem
792 4479 869 4530 RVS
907 4480 940 4532 33
958 4479 1093 4528 actiuialii
1109 4481 1210 4534 mixttc
1226 4496 1232 4528 z
1251 4475 1305 4528 τῶν
1321 4472 1351 4527 δὲ
1369 4475 1469 4542 χρειῶν

172 4543 207 4598 αἴ
221 4544 273 4613 μέν
290 4543 344 4596 εἰσι
362 4542 471 4611 λογικαὶ
488 4541 521 4597 αἱ
532 4541 563 4598 δὲ
582 4541 783 4615 opustestatus
800 4543 831 4598 δὲ
849 4547 948 4614 pantol
963 4548 979 4596 Ιι
1050 4549 1083 4599 34
1102 4549 1178 4598 actiui
1193 4563 1254 4598 uero
1269 4548 1291 4597 Il
1312 4549 1393 4598 uctiue
1407 4563 1468 4616 uero

177 4620 203 4667 V
221 4620 319 4668 actiuae
335 4631 395 4667 uero
410 4616 431 4666 S
448 4619 546 4668 actiuae
563 4619 589 4668 P
657 4618 691 4669 35
708 4619 906 4684 pedissecuml’
924 4619 1092 4684 pedisequum
1102 4619 1123 4669 S
1139 4618 1322 4684 pedissequum
1342 4633 1409 4668 eom.
1423 4634 1469 4685 pe·

172 4688 308 4751 disequum
323 4687 347 4738 R
