3400 5325
434 267 684 339 PARTlTlONES
704 267 758 328 llll
776 267 882 327 VERS.
906 266 989 327 AEN.
1014 264 1049 327 ll.
1071 274 1184 331 57-64
1386 261 1448 323 473

204 384 296 437 pram.
311 383 370 427 een.
1246 376 1390 431 pauo-eu.

156 456 297 535 pluralem
315 454 519 517 huiuscemodi
541 454 675 526 nomina,
703 454 732 514 id
754 460 800 513 est
821 469 897 529 quae
920 450 1130 512 nominativum
1155 458 1184 510 et
1205 450 1369 527 genetivum
1389 450 1450 509 sin-

154 557 284 634 gularem
303 557 426 617 similem
442 556 568 628 halent,
588 562 646 614 tam
663 555 693 614 in
713 574 745 615 es
760 554 932 634 productum
952 570 1038 629 quom
1054 553 1083 612 in
1102 552 1128 613 is
1148 551 1264 640 longam
1281 550 1447 611 terminant.
1515 552 1526 569 ⁰

237 658 382 719 Intenti
404 678 480 737 quae
495 676 564 738 pars
584 655 725 716 orationis
746 653 814 715 est?
835 650 1034 731 Participium.
1080 652 1155 722 Quid
1175 661 1220 711 est
1241 649 1447 731 participium?
1466 660 1497 711 ot

156 760 227 819 l'ars
253 759 396 819 orationis
423 767 546 841 partem!
564 756 684 835 capiens
710 756 837 816 neruiuis
866 760 1038 833 partemque
1067 752 1155 814 rerhi.
1202 746 1281 823 Quot
1312 751 1451 812 accidunt

131 858 330 940 eparticipio'l
364 846 430 920 Sex.
475 857 578 929 erae'l
611 858 710 918 Genus
733 876 820 917 casus
849 864 965 936 tempus
988 854 1161 932 significatio
1185 872 1325 913 numerus
1347 854 1448 929 ligura.

156 961 248 1021 Cuius
273 967 321 1021 est
346 958 486 1037 generis?
521 958 684 1019 llasculioi.
731 960 820 1018 Cuius
846 953 985 1017 numeri?
1018 958 1158 1015 Plurulr's.
1204 954 1256 1015 uie
1292 953 1448 1031 singulare.

156 1062 290 1123 intentus
309 1062 419 1121 intenta
439 1062 593 1121 intentum.
638 1065 667 1119 et
685 1054 690 1139 Ι
711 1057 879 1131 sciendum,
905 1058 983 1135 qrrod
1006 1057 1103 1118 omnia
1127 1055 1278 1135 participia
1299 1055 1447 1135 praeteriti
1466 1066 1500 1117 ue

156 1170 186 1223 et
201 1162 290 1223 luturi
313 1162 454 1241 temperis
471 1159 589 1221 mobilia
609 1168 694 1233 sunt,
718 1167 747 1219 et
766 1159 795 1219 io
811 1158 975 1220 masculino
990 1158 1108 1237 quidem
1129 1166 1158 1218 et
1172 1157 1201 1218 iu
1221 1167 1326 1217 neutro
1342 1174 1450 1234 genere

157 1264 319 1325 secuudum
342 1262 462 1323 nomina
483 1261 631 1321 secundae
650 1260 855 1321 declinationis
869 1260 1070 1333 declinantur3
1088 1259 1118 1318 in
1142 1258 1282 1318 feminino
1303 1276 1371 1318 vero
1392 1257 1451 1336 pri-

126 1382 238 1425 romam
252 1363 476 1424 declinationem
498 1370 624 1423 servant.
668 1362 833 1440 praesentis
855 1370 952 1423 autem
969 1361 1111 1440 temporis
1129 1357 1297 1441 partilleipia
1321 1376 1452 1419 commu-

157 1466 205 1525 nia
227 1471 297 1525 sunt
318 1464 406 1524 trium
428 1480 586 1541 generum,
608 1468 640 1521 ut
662 1462 710 1522 hic
732 1470 762 1522 et
782 1463 856 1523 haec
875 1469 903 1521 et
925 1463 982 1524 lroc
1006 1480 1128 1535 aniane,
1152 1470 1181 1520 et
1204 1461 1304 1521 tertiae
1323 1460 1450 1520 declina-

157 1566 255 1627 tionis.
300 1564 452 1625 sciendum
481 1571 597 1635 tamen,
628 1563 706 1639 qued
736 1570 805 1623 sunt
826 1564 970 1640 quaedam
992 1563 1096 1638 verba,
1124 1580 1250 1639 quorum
1277 1560 1451 1639 signiticatio

158 1668 194 1727 ad
218 1667 298 1727 solos
320 1684 417 1727 mares
440 1664 485 1725 vel
513 1664 549 1724 ad
577 1664 656 1725 selas
684 1664 808 1725 seminas
831 1665 973 1743 pertinet3
996 1666 1030 1725 ad
1055 1682 1169 1739 mares,
1191 1671 1224 1725 ut
1247 1664 1345 1737 intuo,
1367 1661 1451 1723 cuius

158 1767 342 1849 participium
372 1783 489 1844 quoque
517 1765 554 1826 ad
581 1782 678 1825 mares
706 1765 789 1826 solos
816 1764 957 1845 pertinet,
987 1766 1115 1827 intuens.
1161 1782 1246 1826 nemo
1276 1764 1352 1825 euim
1383 1763 1453 1824 dicit

125 1885 149 1925 re
160 1870 235 1930 llaec
248 1870 382 1938 fumeus,
401 1866 457 1927 nisi
475 1867 506 1927 in
521 1865 670 1945 epicoeois
688 1866 857 1928 nominibus
873 1866 1056 1941 animalimn‚
1075 1876 1105 1927 ut
1120 1868 1193 1927 haec
1212 1866 1452 1944 modulaturae,

157 1972 186 2031 iu
210 1986 284 2046 quo,
310 1968 441 2047 quamvis
468 1967 639 2053 femininum
668 1968 866 2046 proteramus,
899 1976 995 2028 tamen
1021 1986 1131 2027 marem
1160 1967 1365 2043 intellegimus.
1411 1966 1453 2027 sic

158 2072 247 2132 etiam
268 2070 300 2131 in
322 2068 477 2130 leminiue:
505 2068 585 2128 nubo
607 2068 650 2127 rir
671 2087 729 2128 nou
751 2069 837 2141 dicit,
861 2068 916 2129 nisi
941 2069 965 2129 si
988 2068 1113 2147 abneget
1134 2088 1235 2129 sexum
1257 2078 1285 2129 et
1306 2068 1388 2146 quasi
1413 2069 1454 2128 le-

159 2172 238 2233 mina
263 2171 409 2248 loquatur.
455 2187 525 2245 ergo
550 2169 665 2230 nubens
686 2187 803 2247 qnoque
826 2170 944 2250 proprie
965 2170 1001 2230 de
1024 2170 1130 2231 lemine
1152 2170 1275 2245 dieitur;
1297 2170 1353 2230 nisi
1376 2170 1454 2247 quod

159 2290 320 2353 possumus
347 2274 471 2349 figurate
499 2269 669 2332 masculinis
697 2289 815 2349 qnoque
843 2272 1000 2350 generibus
1024 2272 1090 2333 talia
1119 2271 1290 2350 adiungere,
1315 2271 1339 2330 si
1359 2270 1453 2331 dicam

126 2380 311 2453 tu‘maguus
328 2381 375 2433 est
396 2371 471 2447 iguis·
493 2372 609 2433 nubens
626 2371 726 2446 milri’‚
749 2373 826 2451 ignis
849 2392 904 2452 pro
927 2382 1021 2435 amata
1041 2373 1151 2434 diceus.
1197 2374 1286 2435 Cuius
1304 2380 1350 2435 est
1367 2391 1453 2432 casus
1471 2384 1506 2436 63

160 2474 287 2537 intenti?
310 2473 501 2549 Nominatiri3
521 2474 599 2535 idem
617 2482 714 2535 tameo
733 2484 777 2534 est
797 2483 827 2534 et
846 2475 1003 2537 vocativus.
1036 2474 1125 2537 Cuius
1147 2484 1192 2535 est
1214 2470 1456 2552 significationis?

160 2579 226 2639 lloc
248 2576 373 2656 primum
399 2574 490 2635 debes
516 2575 608 2649 scire,
638 2574 715 2653 quod
738 2574 912 2653 significatio
935 2577 1155 2657 participiorum
1179 2585 1236 2637 tam
1261 2574 1456 2651 a'generilms

161 2679 318 2740 verborum
338 2696 425 2756 quam
447 2697 464 2738 a
486 2677 587 2738 lormis
609 2678 744 2738 sumitur.
789 2696 859 2755 ergo
882 2697 898 2739 a
922 2678 1050 2756 quinque
1072 2679 1245 2758 generibus,
1269 2677 1297 2738 id
1320 2684 1366 2737 est
1385 2677 1456 2738 acti-

161 2782 206 2842 ris
230 2781 343 2840 neutris
364 2779 487 2858 passivis
512 2779 717 2838 communibus
744 2778 978 2858 deponentibus,
1009 2779 1128 2840 totidem
1157 2787 1319 2842 nascuntur
1340 2779 1455 2856 specics
1525 2823 1528 2832 .

126 2880 400 2964 reparticipiomm3
429 2890 457 2939 ct
478 2900 494 2940 u
514 2878 615 2940 lormis
638 2887 790 2958 quattuor,
820 2879 847 2938 id
878 2889 923 2940 est
944 2882 1073 2960 perlecto
1100 2879 1264 2941 meditativa
1284 2877 1455 2961 inclmaltiru

162 2981 391 3060 frequentativa,
421 2980 540 3042 totidem
568 2983 678 3041 lornrae
706 2981 926 3060 participiorum
953 2982 1099 3042 dicuntur.
1145 2981 1234 3042 Cuius
1259 2989 1305 3041 est
1326 2979 1456 3058 speciei?
1473 2999 1506 3048 ur

163 3084 308 3146 Passivae.
354 3083 490 3144 Nascitur
515 3082 593 3142 euim
620 3082 657 3142 alr
681 3082 818 3142 intendor
845 3083 1082 3162 verlro·possiro.
1128 3081 1218 3143 Cuius
1251 3089 1297 3143 est
1322 3081 1458 3142 lormac‘l

163 3187 254 3258 Eius,
282 3184 365 3246 cuius
388 3192 434 3244 est
462 3183 582 3244 verbum
604 3203 639 3244 ex
662 3201 720 3262 quo
750 3177 896 3258 nascitur,
920 3183 947 3244 id
977 3191 1023 3243 est
1048 3183 1204 3262 perlectae.
1251 3183 1350 3244 Potest
1373 3182 1458 3243 aliam

164 3289 288 3348 lerinam
307 3286 416 3346 habere
437 3287 494 3347 lmc
515 3283 657 3346 rerlmm‘?
690 3286 791 3346 Potest
810 3284 1067 3362 frequentativam,
1088 3284 1218 3345 intentor
1238 3285 1401 3358 intentatis,
1425 3305 1458 3344 ex

129 3406 225 3467 eoquo
246 3387 431 3468 participium
453 3387 623 3446 intentatus.
658 3388 747 3448 Curius
770 3393 816 3446 est
837 3384 999 3466 temporis?
1021 3386 1181 3446 Praeteriti.
1220 3385 1310 3448 Cuius
1329 3384 1460 3464 figurae?
1546 3369 1548 3379 ¹

166 3489 364 3568 compositae.
408 3487 452 3548 Ex
474 3485 599 3564 quibus?
621 3488 665 3549 Ex
680 3488 798 3548 duobus
820 3487 952 3564 integris.
997 3496 1026 3548 et
1049 3488 1219 3566 sciendum,
1239 3487 1315 3566 quod
1335 3487 1459 3566 simplex

165 3590 230 3650 eius
258 3589 288 3650 iu
321 3609 374 3650 usu
399 3597 457 3650 turn
478 3609 530 3668 per
551 3598 599 3650 tus
626 3607 712 3667 quam
735 3609 790 3670 per
812 3609 863 3650 sus
885 3589 1045 3664 invenitur,
1067 3596 1166 3650 tentus
1189 3597 1218 3649 et
1240 3596 1356 3650 tensus:
1387 3587 1461 3650 Lu-

166 3711 280 3752 canus
298 3691 329 3752 in
352 3691 516 3754 secundo*

320 3801 355 3852 et
374 3793 498 3853 varius
519 3792 618 3870 ignis
642 3801 749 3853 tenso
772 3792 874 3853 dedit
895 3812 979 3852 aere
1001 3794 1149 3854 formae.

133 3903 269 3955 autentus
291 3902 388 3954 tumen
411 3896 534 3954 etiaura
559 3903 660 3955 teneor
681 3895 722 3954 su.
759 3901 858 3973 potest
879 3903 976 3954 tamen
997 3895 1082 3955 etiam
1104 3901 1209 3955 irornen
1232 3913 1298 3956 esse
1321 3895 1461 3964 intentus,

167 3996 246 4057 uude
273 3996 413 4057 intentior
440 3995 664 4058 intentissimus.
710 3996 867 4056 tentorium
895 4013 1012 4074 quicque
1035 3997 1104 4056 hinc
1131 3997 1279 4058 derivatur
1301 4003 1330 4056 et
1351 3995 1461 4073 tentigo

168 4106 198 4158 et
219 4105 313 4158 tenor.

237 4317 254 4368 e
271 4317 348 4368 Cuius
361 4317 478 4366 numeri?
496 4317 604 4366 Pluruiis
617 4333 663 4368 om.
680 4317 744 4366 CGS
816 4317 846 4367 lu
866 4331 939 4365 nemo
954 4332 1015 4381 ergo
1033 4318 1093 4368 ‹tu-ia
1106 4317 1168 4366 llaec
1181 4317 1283 4367 intuens
1297 4319 1345 4366 nisi
1356 4319 1463 4382 figurate

169 4389 325 4450 iuqchG
378 4387 410 4436 16
428 4388 453 4435 iu
471 4385 533 4450 qno]
554 4387 660 4449 qracdS
717 4385 748 4436 17
767 4387 792 4435 in
806 4387 929 4435 lcnriuino
947 4404 993 4438 orn.
1008 4386 1051 4436 06
1106 4387 1138 4436 18
1153 4388 1201 4436 uisi
1219 4388 1285 4450 quod
1303 4389 1326 4436 iu
1346 4389 1463 4436 huiusce-

170 4459 238 4506 umdi
263 4472 365 4521 quoque
389 4471 527 4520 pessumus
552 4456 660 4518 liguram
680 4456 827 4505 miraculiuis
848 4470 948 4519 quoque
967 4456 1103 4522 generibus
1121 4456 1203 4506 taliter
1220 4457 1360 4522 adiungere
1376 4457 1396 4504 S

169 4527 204 4576 rc
221 4528 338 4576 dicuutur
357 4526 378 4574 S
396 4526 437 4574 dic
455 4525 534 4590 igitur
552 4528 573 4574 C
589 4525 630 4573 dic
648 4541 710 4591 ergo
729 4527 750 4574 (ι’
842 4527 877 4576 33
896 4527 1011 4575 lucenam
1026 4527 1143 4582 indicaui,
1160 4541 1209 4590 qua
1223 4527 1321 4578 Lucani
1339 4527 1464 4575 remacli

170 4595 220 4654 tl,3
237 4596 370 4657 tunsisque
383 4595 533 4643 rudentibus
551 4603 623 4642 artae
639 4596 736 4645 excidit
764 4611 834 4660 quem
851 4611 948 4645 uersum
961 4612 1011 4644 rena
1022 4611 1074 4644 curn
1087 4595 1140 4656 doe,
1155 4598 1198 4658 qui
1212 4603 1251 4644 eat
1268 4598 1292 4645 in
1308 4601 1389 4658 prium
1401 4595 1466 4644 libre

169 4681 192 4714 u.
204 4665 266 4727 531,
283 4669 367 4727 posuit
386 4664 535 4714 Priscianus
549 4679 578 4726 p.
593 4665 654 4716 eur.
724 4663 758 4716 dl
783 4673 807 4714 et
826 4666 898 4714 uaria
924 4665 993 4730 signi
1011 4665 1146 4716 Cenariua
1163 4675 1235 4715 tenso
1254 4681 1313 4718 uere
1333 4663 1467 4716 lor-masS

239 4735 273 4785 35
292 4741 377 4784 tentus
395 4761 430 4770 -
447 4733 481 4785 37
495 4741 568 4783 tener
586 4733 665 4782 eunS
