3400 5325
418 277 666 341 Pantitttttttts
688 265 741 340 xit
762 277 869 338 vttttS.
888 277 970 338 init.
991 277 1049 339 vtt.
1075 285 1217 341 tan-tat
1408 271 1468 334 titt

226 393 389 448 praseae.
1260 388 1418 443 para-tati.

176 474 204 526 et
237 464 524 545 semiseptenariam,
558 473 589 524 tu
621 483 738 542 quoque
774 464 909 525 litoribus
936 464 1055 525 nostris.
1102 463 1181 533 Quot
1213 464 1371 541 figurarum
1406 457 1471 520 est‘?

174 568 299 643 Decem3
315 567 403 626 habet
420 567 497 626 enim
516 575 577 628 tres
594 565 725 644 dactylos
747 574 776 625 et
795 565 869 626 tluos
892 564 1049 644 spondeos
1088 564 1191 625 Tracta
1214 563 1346 642 singulos
1370 561 1470 641 pedes.

175 670 337 748 Tuquoque
365 676 393 728 et
415 675 520 728 cetera.
555 669 560 745 1
594 667 672 739 Quot
696 667 784 728 habet
813 675 912 747 paries
941 663 1102 728 orationis?
1128 666 1194 726 Sex.
1232 665 1311 736 Quot
1333 661 1472 724 uomina‘l

176 771 259 841 Tria,
290 769 425 830 litoriltus
450 768 557 829 Aeneia
580 767 686 830 nutrix.
732 768 811 839 Quot
833 766 1026 847 pronomina?
1067 767 1148 840 Duo,
1172 777 1201 828 ιιι
1225 767 1344 828 nostris.
1394 764 1471 837 Quid

154 869 277 931 ealiutl‘l
299 870 559 943 coniunctionem,
583 888 709 948 quoque.
750 871 854 931 Tracta
875 870 1005 947 singulas
1022 877 1129 948 partes

261 972 309 1033 'l'u
332 989 407 1050 quae
429 990 498 1051 pars
520 971 660 1033 orationis
680 970 745 1032 est?
786 972 961 1032 Pronomen.
1005 969 1080 1042 Quia
1105 979 1150 1032 est
1173 967 1357 1050 pronomen?
1400 969 1471 1029 Pars

95 1137 98 1141 ,
176 1074 317 1135 orationis
343 1091 417 1152 quae
445 1072 638 1152 pronomine
662 1072 756 1151 posita
778 1072 949 1133 tantundem
975 1089 1068 1150 paene
1090 1073 1235 1150 signifieat
1257 1089 1472 1151 personamque

175 1175 288 1254 recipit.
333 1175 399 1236 itieo
420 1182 517 1234 autem
541 1193 648 1253 paene,
671 1175 738 1252 quia
758 1175 951 1235 substantiam
973 1174 1267 1251 tantumsiguilieat,
1294 1181 1472 1234 nontamen

176 1277 264 1337 etiam
284 1276 470 1354 qualitatem,
492 1275 638 1352 quomodo
659 1293 776 1336 nomeu.
822 1276 897 1336 bene
916 1275 1004 1353 igitur
1025 1274 1158 1335 videntur
1177 1275 1284 1335 lenisse
1301 1275 1351 1353 qui
1371 1287 1539 1342 caten-136

139 1379 216 1438 totta
246 1378 381 1457 personis
410 1372 516 1461 inilltis
544 1377 682 1456 separant
705 1397 720 1438 a
747 1376 986 1457 pronominibus;
1013 1395 1078 1437 nam
1103 1395 1265 1456 pronomen
1287 1376 1405 1456 proprie
1429 1383 1474 1436 est

175 1480 255 1558 quotl
279 1497 331 1558 pro
361 1478 480 1539 nomine
506 1478 624 1558 proprio
653 1472 782 1559 ponitur.
827 1479 924 1556 itaque
947 1478 1012 1556 quia
1036 1478 1153 1557 propria
1180 1477 1296 1538 nomina
1321 1477 1387 1557 plus
1409 1476 1473 1538 aliis

175 1581 313 1642 omuibus
335 1580 503 1640 nominibus
521 1578 689 1640 iiuita'sunt
711 1582 833 1655 (certam
857 1580 933 1640 enim
956 1599 1016 1640 rem
1036 1580 1160 1658 aliquam
1186 1579 1379 1657 significant),
1406 1597 1473 1658 pro·

106 1721 109 1725 -
175 1701 283 1744 nomen
305 1700 440 1760 quoque,
468 1681 546 1764 quod
575 1680 641 1742 loco
673 1681 782 1760 proprii
804 1681 933 1742 nominis
957 1681 1112 1760 accipitur,
1136 1680 1224 1740 (lebet
1245 1681 1342 1742 tinitas
1363 1680 1472 1741 habere

175 1804 330 1865 personas.
375 1792 445 1844 sunt
470 1785 559 1860 igitur
581 1782 770 1862 pronomina,
797 1783 834 1842 tle
858 1782 964 1860 quibus
984 1782 1060 1842 nulla
1082 1782 1223 1843 duititatio
1243 1789 1303 1856 est,
1329 1781 1472 1863 primitiva
1560 1797 1562 1799 ·

141 1885 298 1965 nequitiem
321 1886 432 1964 primae
454 1902 598 1965 personae
621 1902 675 1963 ego
698 1892 727 1944 et
749 1885 859 1962 obliqui
887 1903 972 1944 easus
995 1883 1124 1944 eiustlem
1148 1881 1344 1962 pronominis,
1368 1899 1474 1944 seeun-

176 1992 233 2048 tiae
254 1996 302 2060 tn,
331 1987 434 2048 tertiae
461 2005 530 2047 tero
559 2004 626 2056 sex,
654 1985 699 2046 sui
721 1985 769 2046 ille
790 1986 847 2045 iste
871 1986 918 2046 hie
945 1986 970 2046 is
993 1985 1073 2064 ipse3
1096 1985 1249 2046 derivativa
1273 1986 1384 2064 primae
1407 2003 1474 2064 per-

176 2108 269 2150 sonae
296 2107 380 2149 metts
413 2096 515 2148 noster
543 2096 675 2159 nostras,
709 2087 856 2147 secundae
884 2097 953 2147 tuus
980 2095 1077 2147 tester
1103 2095 1230 2159 vestras,
1260 2087 1362 2147 tertiae
1390 2105 1472 2148 sous.

141 2206 145 2211 ⁴
174 2193 251 2253 haee
272 2198 329 2250 lam
348 2189 424 2269 apud
445 2207 501 2249 nos
522 2207 609 2267 quam
632 2188 709 2266 aputl
726 2189 854 2248 Graeros
876 2187 1046 2268 pronomina
1065 2188 1101 2248 alt
1124 2188 1261 2252 omuibus
1279 2189 1471 2268 accipiuntur.

176 2303 274 2354 cetera
295 2311 380 2362 vero,
404 2307 479 2368 quae
502 2298 571 2350 sunt
592 2290 704 2350 inlinita
725 2287 768 2348 vel
792 2290 995 2368 interrogativa
1016 2289 1060 2350 vel
1079 2289 1195 2350 relatiua
1222 2289 1405 2351 substantiae
1427 2289 1471 2351 tel
1493 2299 1540 2352 tat

122 2393 326 2473 aequalitatis
347 2392 391 2453 tel
414 2392 583 2470 quantitatis
605 2392 648 2451 rel
672 2393 787 2452 numeri
806 2425 849 2436 -
869 2391 1049 2452 substantiae
1070 2391 1293 2494 inlinitium9vel
1313 2391 1474 2470 inteiroga-

176 2497 266 2556 tivum
289 2494 375 2572 quis,
396 2494 547 2554 relativum
570 2493 641 2571 qui;
665 2492 814 2570 qualitatis
836 2493 1074 2569 interrottativum
1097 2495 1141 2554 tel
1164 2495 1309 2554 inlinitum
1333 2494 1376 2555 tel
1399 2495 1474 2556 rela-

175 2599 266 2658 tivum
290 2595 384 2674 qualis
409 2595 566 2692 (significat
595 2593 672 2655 enim
693 2600 779 2668 ποῖος
802 2596 982 2676 paenultima
1002 2595 1189 2656 eircumlletto
1216 2600 1244 2656 et
1264 2591 1350 2667 ποιός
1373 2594 1473 2657 ultimo

175 2708 264 2759 acuto
294 2706 323 2757 et
347 2683 478 2774 ὁποῖός),
501 2696 674 2773 retltlitivupt
695 2696 775 2756 talis·
768 2698 979 2780 ,quantitatis
1002 2698 1240 2775 interrogativum
1264 2696 1307 2758 vel
1329 2698 1474 2759 inlinitum

174 2800 221 2860 vel
244 2800 394 2861 relativum
417 2807 544 2877 quantus
571 2798 730 2875 (signifieat
762 2800 838 2859 enim
869 2794 958 2870 πόσος
985 2798 1165 2878 paenultima
1194 2806 1299 2872 acuto,
1328 2798 1405 2876 quod
1428 2806 1474 2859 est

138 2915 166 2957 aa
178 2901 428 2981 interrogativum,
453 2909 482 2959 et
502 2894 592 2972 ποιός
614 2900 716 2960 ultimo
738 2908 840 2974 acuto,
859 2902 936 2979 quoti
961 2908 1006 2961 ost
1024 2900 1184 2974 inlinitum,
1206 2908 1234 2960 et
1255 2890 1373 2976 ὁπόσος,
1396 2901 1474 2980 quod

260 3092 480 3153 ipersonamque
500 3087 626 3136 interdum
645 3087 773 3151 recipitS
856 3087 872 3135 tl
890 3086 1041 3137 uidenturS
1066 3088 1223 3137 ultletttrCG
1308 3088 1410 3139 i0nam
1426 3105 1473 3139 om.

176 3160 221 3209 (10
291 3157 325 3207 20
342 3158 440 3206 numeri
456 3158 539 3222 magis
555 3158 657 3206 nomina
671 3156 778 3205 dicentia
797 3166 857 3207 sunt
873 3172 947 3221 quam
964 3158 1112 3222 pronomina
1131 3157 1190 3221 quia
1204 3172 1250 3223 per
1268 3172 1358 3208 nomen
1372 3159 1403 3207 de
1419 3160 1473 3209 sola

175 3228 318 3281 substantia
339 3227 367 3276 llt
386 3227 550 3291 interrogatio
568 3227 590 3274 L
660 3227 700 3274 nei
721 3226 931 3291 interrogatiuum
947 3238 973 3275 ut
991 3228 1047 3289 quis
1066 3228 1200 3275 relatiuam
1223 3228 1262 3275 uel
1280 3228 1432 3278 redditurum
1447 3238 1474 3279 ut

176 3298 219 3363 qui
242 3298 370 3361 qualitatis
389 3295 598 3361 interrogatiuum
617 3295 658 3345 uei
681 3295 832 3344 inliuitiuum
853 3298 892 3347 ιιιΙ
911 3296 1045 3345 relatiuam
1064 3296 1147 3359 qualis
1167 3296 1292 3361 signillent
1313 3300 1379 3347 euim
1396 3313 1475 3350 uotae

175 3368 326 3448 penultimo
330 3375 402 3415 acuto
416 3374 441 3413 et
456 3378 530 3415 rotoc
548 3366 635 3414 ultimo
647 3374 720 3414 acuto
735 3374 759 3413 et
773 3380 868 3414 onotoe
883 3366 1039 3416 redditiuunt
1053 3367 1092 3414 uel
1109 3365 1240 3415 ieiatiuum
1256 3367 1311 3417 talis
1327 3368 1474 3432 quantitatis

175 3436 389 3502 interrogatinum
410 3436 451 3483 uel
471 3435 596 3483 inlinitum
612 3436 651 3483 uel
666 3434 798 3483 relatiuam
813 3444 897 3485 tantus
917 3436 1013 3495 numqui
1029 3435 1239 3499 interrogatiuum
1255 3437 1295 3484 uei
1310 3437 1435 3487 inlinitum
1450 3446 1474 3487 et

175 3506 311 3557 relatiuum
329 3514 388 3569 quot
404 3504 530 3569 signifieat
549 3505 616 3552 enim
630 3517 747 3553 rouococ
766 3505 904 3569 penultimo
922 3514 994 3554 acuto
1015 3514 1040 3553 et
1059 3505 1147 3553 ultimo
1167 3504 1233 3585 quod
1255 3516 1293 3555 est
1311 3505 1435 3556 inlinitum
1450 3516 1475 3557 et

175 3590 277 3625 ouococ
297 3576 364 3635 qnod
379 3583 417 3623 est
433 3573 567 3622 relatiuam
583 3573 736 3622 redditiuum
753 3574 792 3622 uel
806 3574 939 3623 relatiuum
959 3583 993 3623 tot
1015 3583 1099 3623 tantus
1114 3574 1210 3623 numeri
1225 3575 1436 3642 interrogatiuum
1450 3588 1473 3627 et

175 3644 303 3695 inlinitum
322 3652 346 3692 et
363 3643 496 3691 relatiuam
515 3651 576 3704 quot
594 3641 722 3707 signilleat
741 3637 808 3691 enim
826 3657 911 3693 noenu
929 3645 1067 3709 penultimo
1086 3654 1158 3692 acuto
1181 3652 1205 3690 et
1226 3643 1337 3693 ultimam
1354 3646 1421 3707 quod
1436 3654 1474 3695 est

174 3714 303 3763 inlinitum
317 3723 341 3762 et
354 3726 455 3763 opocen
468 3712 536 3773 quoti
548 3712 682 3762 retattuum
696 3712 848 3761 redditurum
864 3720 898 3763 tot
913 3712 1074 3765 ditiuatiuunt
1089 3714 1253 3763 diriuatiuum
1268 3714 1299 3763 ab
1312 3728 1341 3763 eo
1356 3714 1423 3776 quod
1436 3724 1475 3765 est

176 3783 235 3845 quis
249 3783 270 3831 0
284 3782 339 3830 uel
334 3791 447 3845 mterrag
450 3783 544 3830 atinum
558 3792 585 3830 ut
601 3782 659 3843 quis
673 3782 806 3831 relatiuam
823 3792 849 3830 nt
865 3783 907 3846 qui
924 3782 1051 3845 qualitatis
1062 3768 1281 3848 itttertogatiuum
1295 3783 1334 3832 uel
1348 3784 1474 3834 inlinitum

175 3853 217 3903 uel
234 3851 367 3901 relatiuum
383 3850 465 3913 qualis
479 3848 607 3915 signifieat
622 3851 688 3899 enim
703 3865 782 3901 uotoc
793 3852 935 3932 ¹'penultimo
949 3862 1021 3901 acuto
1036 3850 1107 3913 (odd.
1124 3858 1149 3901 ιἰι
1161 3868 1239 3916 ortorp.
1258 3860 1281 3900 et
1293 3866 1371 3904 ttoton
1387 3855 1474 3903 ultimo

175 3928 250 3973 acuto
267 3931 291 3969 et
311 3933 405 3969 ouotoc
421 3919 573 3970 redditiuum
592 3919 649 3969 talis
666 3921 814 3982 quantitatis
828 3922 1037 3985 intertogatiuunt
1052 3920 1176 3970 inlinitum
1194 3922 1232 3971 nel
1245 3921 1379 3971 relatiuum
1394 3938 1474 3985 quau·

175 4002 218 4042 tus
238 3989 365 4056 significat
378 3988 445 4037 enim
459 4000 575 4039 nonnette
593 3989 732 4054 penultimo
750 3988 839 4050 acuto)
853 3991 921 4053 quod
936 4001 975 4040 est
990 3989 1117 4039 inlinitum
1136 3999 1160 4040 et
1178 4003 1241 4041 ocoo
1254 3991 1322 4053 quod
1337 4002 1375 4041 est
1390 3992 1474 4041 relati-

174 4074 236 4111 uam
250 4059 404 4109 redditiunm
426 4066 511 4107 tantus
531 4059 629 4106 nurneri
647 4059 857 4123 interrogatluum
879 4068 903 4109 et
921 4058 1046 4108 inlinitum
1066 4069 1091 4108 et
1111 4060 1244 4109 relatiuam
1267 4069 1328 4123 quot
1347 4061 1475 4125 siguificat

175 4130 243 4180 enim
255 4142 341 4179 noeoa
359 4134 441 4190 (corr.
460 4127 559 4187 uocoo)
573 4127 712 4192 penultimo
733 4139 806 4178 neruo
825 4128 893 4190 quoti
909 4138 946 4177 est
962 4128 1087 4177 inlinitum
1102 4137 1126 4178 et
1140 4142 1240 4181 ortorou
1256 4128 1323 4192 quod
1338 4139 1376 4178 est
1390 4130 1474 4179 relati-

174 4214 236 4248 num
255 4198 407 4247 redditinum
429 4205 465 4245 tot
483 4196 624 4245 dirinautur
642 4196 673 4245 ab
690 4211 721 4245 eo
741 4197 809 4259 quod
825 4208 864 4248 est
884 4199 977 4261 quist1¹
996 4198 1035 4246 nel
1051 4198 1179 4260 qualitatis
1192 4199 1402 4263 interrogatiunm
1417 4200 1474 4263 quis

175 4268 311 4319 relatiuam
335 4267 378 4329 qui
397 4267 609 4331 interrogatiuum
627 4265 668 4315 uel
695 4266 821 4315 inlinitum
847 4268 885 4316 uel
906 4268 1039 4317 relatiuum
1060 4268 1142 4329 qualis
1161 4268 1289 4333 signiltcat
1308 4270 1374 4317 enim
1395 4284 1474 4321 notoc
1548 4286 1561 4307 ι

174 4338 314 4404 penultimo
332 4345 406 4384 acuto
425 4344 494 4396 (arcp,
508 4350 560 4384 aar.
579 4336 804 4401 interrogatiuum)
822 4347 847 4387 et
865 4351 945 4387 uotoo
961 4338 1047 4385 ultimo
1060 4346 1133 4385 acuto
1148 4342 1216 4399 (sap.
1231 4352 1282 4385 tor.
1297 4336 1435 4403 inlinitum)
1450 4349 1474 4387 et

176 4421 272 4457 ottotoe
289 4407 357 4468 (arcp.
368 4420 419 4453 scr.
436 4404 583 4463 relatiuam)
597 4408 653 4453 eius
666 4406 819 4454 redditiumn
836 4406 893 4456 talis
907 4406 1055 4469 quantitatis
1067 4406 1277 4473 interrogatiuum
1291 4408 1330 4455 ttel
1347 4408 1473 4457 inlinitum

175 4478 216 4526 uel
232 4476 365 4524 relatituua
382 4482 492 4538 quantus
505 4475 633 4541 significat
650 4476 716 4523 enim
731 4490 848 4526 rouocoe
862 4476 1001 4540 penultimo
1016 4484 1088 4524 acuto
1101 4480 1169 4537 (arip.
1183 4492 1234 4526 aar.
1249 4477 1315 4539 quoti
1332 4478 1381 4536 est)
1396 4478 1474 4527 inter-

175 4546 321 4611 rogatinum
335 4543 423 4595 ultimo
438 4552 512 4593 acuto
529 4557 614 4594 uococ
633 4545 701 4607 quod
721 4552 758 4594 est
771 4545 898 4593 inlinitum
912 4554 935 4593 et
950 4558 1013 4595 oeae
1028 4544 1160 4593 relatinum
1181 4546 1335 4595 redtiitiuunt
1349 4546 1402 4595 eins
1417 4556 1473 4595 tnn-

175 4626 216 4665 tus
235 4615 333 4663 numeri
352 4614 562 4677 iuterrogatiunm
582 4622 606 4661 et
626 4612 749 4663 inlinitum
769 4624 793 4663 et
807 4615 943 4663 relatiuam
958 4622 1018 4677 quot
1035 4614 1160 4679 signifieat
1175 4618 1321 4665 enimi-m
1334 4616 1473 4680 penultimo

175 4692 282 4734 accentu
299 4689 375 4732 acuto
392 4696 472 4731 ttocot
492 4682 560 4745 quod
579 4691 616 4731 est
632 4683 765 4731 relatiuum
785 4684 938 4733 redditiuum
959 4684 1013 4731 eius
1034 4694 1070 4733 tot
1089 4683 1232 4734 diriunntar
1250 4686 1281 4735 ab
1297 4699 1326 4734 eo
1347 4686 1413 4749 quod
1435 4694 1474 4735 est

176 4754 269 4817 quisS
322 4752 355 4801 22
372 4748 546 4816 circumflexo]
562 4753 597 4814 es.
615 4764 641 4814 p.
653 4753 713 4813 alli,
736 4753 767 4805 itt
