3400 5325
275 204 279 209 ¹
343 250 528 312 narseum
550 251 599 311 oe
622 232 761 311 uernis
784 250 963 312 rennuru
984 251 1107 313 ernau.
1138 263 1211 315 t-5
1246 271 1252 280 ·
1373 252 1435 313 no

190 365 351 418 praecare.
1238 366 1383 419 aior-ou.

138 438 217 499 idem
237 438 267 498 in
294 439 323 495 Φ
347 436 492 497 lliados

293 530 379 597 odet
401 532 649 617 Σκάμανδρος
671 536 777 616 ἔληγε
795 529 833 597 τὸ
856 530 897 599 liv
921 537 1044 616 μένος,
1067 527 1142 597 dtt’
1167 536 1221 597 ἔτι
1242 538 1398 616 μᾶλλον,

139 639 218 700 idem
242 638 452 717 iussdyssia
580 718 585 725 Ι
1018 642 1021 647 “

641 738 808 801 πέλεκυν
829 738 947 819 μέγαν
967 732 1034 816 ἠδὲ
1054 738 1284 819 σκέπαρνον,

118 842 235 903 snostri
265 850 363 903 tamen
394 860 461 903 com
488 838 630 923 licen]tia,
666 851 695 903 et
722 843 847 903 maxime
874 842 1078 924 vetustissimi,
1113 842 1288 906 subtrabunt
1317 862 1380 905 eam
1407 844 1438 907 in
1490 866 1492 869 ·

141 945 243 1005 mettis
267 946 445 1022 frequenter.
461 978 504 987 -
520 944 577 1004 hoc
603 944 691 1021 igitur
720 944 797 1003 idem
819 944 926 1005 iecisse
954 943 1080 1005 arbitror
1104 944 1134 1005 in
1157 964 1246 1023 supra
1268 944 1354 1006 dictis
1375 964 1437 1006 me·

142 1045 211 1116 tris,
233 1052 282 1120 ut,
305 1045 383 1123 quod
405 1045 447 1105 illi
470 1045 619 1106 rarissime
641 1054 818 1125 posueruut,
853 1046 883 1105 hi
906 1031 1141 1123 frequentissime
1163 1045 1192 1105 in
1215 1045 1319 1107 iambis
1346 1066 1438 1127 pone·

140 1154 216 1207 rent.
261 1154 330 1207 suut
351 1156 448 1218 tamen
469 1148 518 1237 qui
540 1146 700 1207 altitudinis
720 1165 808 1207 causa
831 1147 918 1207 oliam
943 1154 972 1206 et
997 1146 1238 1225 pompabilitatis,
1271 1166 1345 1224 quae
1369 1148 1471 1208 solut

142 1247 316 1309 elocutionis
335 1250 471 1310 convenit
481 1249 602 1309 Latinae
617 1249 687 1325 (hoc
702 1257 800 1308 autem
816 1248 977 1327 frequentia
997 1247 1066 1307 lacit
1080 1246 1185 1325 dactyli
1202 1247 1246 1307 vel
1262 1243 1274 1331 ΙΙ
1290 1248 1437 1327 spondei),

107 1356 176 1409 raet
195 1358 227 1409 ut
248 1368 341 1428 paene
363 1350 506 1412 dissoluta
529 1356 557 1410 et
578 1350 709 1429 pedestri
731 1349 876 1411 simillima
907 1369 973 1410 esse
1002 1348 1133 1409 videatur
1153 1366 1347 1427 personarum
1377 1368 1439 1409 ser·

142 1451 315 1525 mociuatio,
338 1452 367 1511 id
389 1451 455 1512 illos
477 1452 584 1512 iecisse
605 1450 791 1513 arbitrantur.
835 1451 993 1513 trochaicis
1015 1451 1100 1511 ctiam
1121 1458 1243 1511 utuntur
1264 1450 1439 1539 plerumque

143 1554 320 1614 tetrametris
342 1554 537 1626 catalecticis,
560 1553 588 1613 id
612 1560 658 1613 est
680 1551 785 1630 quibus
807 1571 865 1613 nna
888 1553 972 1612 deest
994 1552 1024 1612 in
1048 1554 1106 1613 line
1131 1551 1256 1629 syllaba,
1280 1552 1309 1612 iu
1332 1552 1438 1629 quibus

143 1674 247 1715 omnes
268 1656 410 1716 iambicos
431 1662 546 1735 ponunt
572 1654 602 1715 in
630 1674 814 1733 quocumque
840 1654 907 1713 loco
936 1654 1041 1733 pedes,
1074 1654 1230 1715 commixto
1257 1652 1355 1713 tamen
1378 1662 1439 1715 tro·

143 1757 244 1816 cbaeo.
278 1757 372 1817 ineis
394 1757 565 1835 plerumque
588 1757 752 1817 invenimus
774 1764 842 1815 aute
863 1758 951 1816 linem
974 1774 1076 1816 versus
1094 1755 1220 1833 longam.
1256 1761 1326 1814 suut
1341 1761 1437 1813 tamen

107 1876 133 1916 rs
144 1867 175 1918 et
197 1859 270 1919 ultra
293 1859 425 1935 citraque
445 1866 630 1919 tetrametros
655 1858 698 1917 usi
725 1857 884 1918 trochaico.
936 1876 1036 1935 eurtum
1068 1858 1156 1935 igitur
1181 1856 1311 1935 exempla
1340 1856 1473 1935 prole-5

143 1978 224 2035 ram;
254 1960 307 2021 sed
329 1961 411 2039 pn'us
433 1960 563 2021 metricis
591 1961 628 2021 de
657 1977 745 2039 supra
772 1959 859 2019 dictis
889 1960 997 2038 scripta
1026 1977 1198 2039 proponam.
1241 1956 1440 2017 Terentia-

142 2081 212 2122 nus
235 2061 271 2121 de
293 2060 418 2122 iambico
440 2070 533 2123 metro

296 2163 474 2243 culpatur
494 2170 617 2223 utitem
640 2182 773 2224 versus
796 2163 831 2222 in
856 2163 1063 2241 tragoediis

297 2272 332 2324 et
353 2283 461 2324 rarus
482 2264 602 2324 intrat
628 2282 668 2323 ex
688 2264 823 2325 iambis
846 2264 1037 2337 omuibus,

298 2376 337 2426 ut
358 2350 595 2439 ille,'contra
618 2366 678 2443 qui
704 2367 874 2427 secundo
893 2376 930 2426 et
952 2365 1096 2426 talibus

298 2466 483 2545 spondion
507 2474 568 2527 aut
589 2484 696 2544 quem
721 2486 935 2547 comparem
958 2466 1157 2546 receperit.

298 2569 361 2627 sed
384 2568 447 2645 qui
468 2568 672 2647 pedestres
695 2569 846 2630 tabulas
870 2588 981 2630 socco
1006 2575 1195 2647 premunt,

297 2674 452 2748 nt'quae
473 2670 652 2732 locuntur
672 2680 817 2751 sumpta
838 2672 882 2731 de
902 2673 974 2732 rita
998 2678 1124 2751 putes,

298 2771 434 2832 vitiant
455 2771 612 2832 iambum
635 2773 823 2833 tractibus
846 2769 1089 2852 spondiacis]

299 2882 334 2933 et
354 2874 391 2932 in
412 2874 577 2934 secundo
601 2881 636 2934 et
658 2875 797 2934 ceteris
819 2892 933 2951 aeque
957 2873 1070 2944 locis,
1135 2923 1136 2926 ,

297 2975 483 3051 iidemque
505 2975 609 3035 lictis
631 2975 710 3036 dum
733 2983 940 3056 procurant
960 2975 1114 3048 tabulis,

297 3077 333 3138 iu
360 3083 474 3136 metra
498 3086 658 3155 peceant
681 3087 775 3150 arte,
798 3097 869 3138 non
893 3076 1060 3147 inscitia,

299 3198 342 3239 ue
363 3178 438 3239 siut
461 3197 595 3238 sonora
617 3177 727 3239 verba
746 3177 1052 3250 consuetudinis,

299 3278 522 3360 paulumque
546 3297 676 3341 rursus
699 3300 714 3339 a
736 3279 873 3342 solutis
896 3278 1086 3339 dillerant.

301 3383 419 3459 magis
443 3381 514 3440 ista
536 3382 672 3441 nostri:
695 3401 773 3442 nam
795 3384 874 3440 lere
897 3381 1050 3440 Graccis
1072 3388 1181 3440 tenax

300 3502 388 3544 cura
412 3490 468 3543 est
490 3481 601 3542 iambi
624 3483 680 3543 acl
701 3483 862 3545 novellis
885 3481 1039 3542 comicis

299 3586 356 3644 vel
378 3585 439 3660 qui
463 3584 499 3644 iu
521 3591 668 3646 vetusta
690 3585 913 3665 praecluent
936 3582 1134 3645 comoedia.

95 3697 100 3702 “
147 3689 213 3749 aide
231 3687 439 3747 Terentianum
462 3704 578 3764 quoque
601 3687 692 3762 scire,
715 3686 793 3764 qaod
816 3705 876 3746 non
898 3686 1015 3766 penitus
1038 3684 1185 3744 caruerint
1204 3683 1261 3745 boc
1278 3683 1390 3755 Graeci,
1412 3690 1444 3742 ut

147 3788 292 3850 ‘secondo
313 3795 343 3848 et
363 3784 483 3849 talibus''
504 3796 648 3868 ponerent
667 3789 815 3867 spondeos
837 3787 883 3848 rel
905 3787 1050 3868 dactylos,
1075 3787 1153 3864 quod
1173 3785 1301 3854 ostendit
1318 3784 1443 3848 (licendo
1525 3869 1533 3876 .

221 4062 234 4116 1
255 4063 280 4112 in
300 4061 327 4114 .l.
345 4060 437 4111 iliados
455 4056 550 4111 8:11.
569 4059 593 4109 Φ
612 4060 663 4113 305
732 4059 748 4108 2
768 4049 993 4125 οὐδὲ-μᾶλλον
1011 4075 1057 4110 orn.
1077 4057 1103 4108 B
1181 4049 1225 4122 τὸ]
1244 4073 1275 4107 rs
1294 4055 1372 4108 RVA

147 4133 206 4186 din
226 4129 343 4198 Odyssia]
365 4129 444 4182 1391
501 4130 676 4194 ttrequemts
698 4131 724 4180 V
775 4130 1019 4197 8pompalitatise
1072 4125 1140 4192 stilo]
1161 4126 1263 4177 stimulo
1286 4128 1312 4176 V
1353 4123 1385 4174 lo
1402 4139 1445 4190 pe-

148 4204 229 4253 destri
247 4200 377 4264 simillima
392 4217 409 4250 a
422 4200 663 4268 §tpedestrisimilla
676 4200 752 4250 VAB
767 4201 881 4266 pedestri
899 4197 1027 4250 similiali
1099 4198 1127 4246 ll
1146 4193 1213 4259 illos]
1230 4195 1266 4244 illi
1284 4195 1306 4244 B
1364 4196 1394 4244 15
1414 4209 1446 4242 ex

148 4274 217 4322 ultra
237 4273 266 4322 V
348 4279 532 4326 tetrametros
605 4269 710 4334 liised]
732 4271 754 4320 si
773 4270 824 4320 VB
911 4268 1021 4318 metricis
1041 4266 1115 4318 ΗΑΒ
1133 4267 1219 4314 metris
1243 4266 1270 4314 V
1285 4265 1446 4313 metricorum

151 4343 339 4393 Lindemamrus
409 4340 526 4391 dictastis
543 4340 569 4389 A
639 4340 762 4405 scriptura
781 4341 809 4389 V
877 4337 1087 4404 proponamusll
1151 4331 1326 4398 Terentianus]
1341 4331 1446 4382 osam

221 4409 411 4462 lll'exiambis
430 4426 462 4460 ex
481 4410 599 4460 omnibus
622 4410 649 4459 V
715 4409 908 4459 20cxtalibns
932 4406 1005 4456 VAB
1065 4405 1093 4454 ‘ll
1117 4403 1250 4478 spondeou
1270 4404 1294 4452 Α
1358 4401 1391 4452 ‘23
1410 4403 1447 4450 lo-

151 4515 263 4580 quuntur
284 4513 333 4562 AB
403 4514 435 4563 de
454 4515 496 4562 aia
516 4512 648 4562 Palaebisca
723 4519 800 4578 putus
825 4513 850 4561 V
927 4511 962 4570 -24
978 4504 1110 4570 tractibus]
1132 4482 1209 4556 trtieis
1231 4507 1258 4558 V
1325 4504 1446 4570 spondiu-

151 4585 269 4635 cisItBu
287 4583 435 4650 spondaieis
458 4585 485 4632 V
498 4584 635 4647 spondaeis
653 4581 677 4629 A
759 4582 794 4632 ao
811 4588 952 4648 procurunt
969 4579 995 4630 B
1074 4578 1106 4627 27
1127 4576 1226 4626 inscitia
1244 4575 1310 4626 nea
1337 4575 1447 4622 inscien-

151 4656 187 4704 tia
209 4652 259 4704 VA
346 4653 380 4702 28
399 4667 492 4704 sonore
511 4653 536 4700 B
620 4652 654 4702 32
671 4653 816 4716 praecluent
834 4649 940 4700 RVAB
962 4646 1120 4714 praepollent
1138 4661 1155 4693 α
1177 4646 1359 4710 praelucente

150 4723 185 4776 33
203 4730 340 4772 caruerunt
357 4722 383 4772 B
400 4728 522 4773 eauerunt
544 4722 570 4769 V
639 4720 671 4770 st
691 4729 715 4770 et
734 4721 826 4784 talibas
844 4734 861 4776 ς
881 4735 913 4768 ex
931 4719 1023 4768 talibus
1041 4715 1146 4766 RVAB

1184 4800 1245 4870 273¹
