3400 5325
518 940 696 1036 trouu
733 938 997 1034 ocrlvvs
1037 899 1303 1033 uncinis

818 1213 996 1224 ———

314 1411 337 1452 p.
352 1398 409 1440 nrv.
427 1397 449 1437 re
463 1397 486 1438 e.
1326 1405 1349 1446 p.
1362 1393 1409 1434 ror.
1423 1391 1501 1434 ruere

708 1467 758 1530 bu
781 1466 1106 1531 cousvuvcvlolvu.

196 1596 240 1648 ll
346 1588 380 1649 ln
400 1587 551 1667 superiore
577 1586 653 1649 libro
679 1586 715 1647 dc
738 1586 938 1648 articularium
965 1586 1125 1647 dictionum
1148 1594 1178 1646 et
1203 1583 1409 1665 pronominum
1429 1591 1554 1644 uacun-

263 1696 308 1750 tes
327 1688 613 1764 constructionibus,
641 1690 808 1750 necessario
836 1688 963 1768 plurima
993 1687 1081 1748 etiam
1110 1687 1147 1747 de
1174 1686 1303 1747 nominis
1330 1693 1360 1746 et
1382 1684 1460 1747 verbi
1483 1703 1554 1746 con-

262 1791 489 1868 structionibus,
523 1791 593 1852 sine.
618 1790 726 1870 quibus
757 1789 805 1850 illa
832 1790 995 1851 orationem
1023 1790 1183 1870 perlectam
1213 1787 1361 1868 complere
1393 1794 1553 1866 nequeunt,

263 1893 404 1968 diximus,
432 1893 542 1973 quippe
570 1911 646 1972 quae
667 1911 702 1953 ex
724 1891 848 1952 manime
871 1899 954 1972 parte
977 1909 1149 1965 communes
1171 1891 1214 1950 eis
1237 1899 1306 1951 sunt
1325 1908 1392 1951 curn
1414 1889 1481 1950 illis.
1524 1889 1578 1948 in⁵

262 1995 319 2054 boc
339 2013 456 2073 quoque
474 1995 511 2055 de
529 1994 697 2056 nominibus
721 2002 750 2053 et
770 1992 867 2055 verbis
885 1993 1058 2073 praecipue,
1085 1993 1232 2072 quamvis,
1244 2001 1274 2052 et
1295 1992 1333 2052 de
1361 1991 1467 2052 ceteris
1489 2008 1555 2072 par-

262 2095 358 2170 tibus,
390 2115 457 2158 cum
485 2097 527 2158 eis
556 2095 644 2156 etiarn
669 2095 794 2176 plurima
823 2095 1010 2156 inveniantur
1033 2094 1216 2170 communia,
1244 2113 1435 2174 exponemus·
1486 2110 1555 2170 ergo

262 2197 382 2258 minime
413 2197 544 2272 mireris,
581 2197 607 2259 si
643 2197 745 2258 eadem
772 2195 905 2275 exempla
932 2196 1187 2258 constructionum
1213 2203 1400 2276 repetantur,
1429 2212 1496 2256 cum
1525 2194 1556 2254 in

262 2298 411 2379 plerisque
434 2298 602 2360 consimiles
627 2299 687 2360 sint
707 2316 798 2379 supra
822 2298 968 2360 dictorum
989 2305 1019 2358 et
1040 2297 1232 2359 dicendorum
1254 2297 1393 2359 rationes.

348 2399 534 2478 Singulorum
556 2401 645 2478 igitur
667 2419 789 2462 casuum
812 2399 1020 2479 perordinem
1043 2381 1278 2460 oonstmctiones
1299 2399 1458 2460 videamus.
1567 2409 1590 2448 ¹⁰

212 2515 229 2564 2
314 2585 317 2590 1
348 2501 550 2564 Nominativus
579 2513 609 2563 et
636 2502 784 2563 vocativus
811 2501 938 2562 absoluti
967 2509 1052 2575 sunt,
1081 2502 1111 2562 id
1138 2511 1184 2562 est
1211 2520 1266 2582 per
1286 2519 1376 2561 unam
1399 2517 1555 2580 personam

263 2601 445 2665 intransitive
469 2612 596 2684 possunt
614 2604 618 2681 Ι
638 2604 778 2684 proferri,
803 2612 834 2665 ut
859 2608 934 2683 ‘ego
952 2603 1121 2665 Priscianus
1149 2603 1285 2678 ambulo,
1308 2610 1341 2665 tu
1357 2602 1440 2665 Plato
1460 2601 1556 2682 philo

264 2704 416 2786 sopharis,
441 2706 614 2767 Aristoteles
637 2706 795 2786 disputat'.
840 2706 915 2788 etsi
938 2705 1128 2767 substantivis
1150 2705 1247 2768 verbis
1267 2705 1312 2766 vel
1331 2683 1470 2767 vocativis
1493 2702 1555 2764 iun·
1626 2758 1628 2761 ,

264 2816 371 2887 gantur
393 2808 505 2889 primae
523 2814 552 2867 et
574 2808 721 2869 secundae
743 2827 904 2888 personae,
927 2826 987 2868 non
1006 2816 1094 2886 egent
1113 2807 1353 2887 pronominibus,
1378 2807 1487 2887 quippe
1511 2825 1556 2866 es·

216 2975 223 2986 ,
263 2911 388 2972 sentiam
410 2910 455 2972 sui
474 2908 518 2970 vel
540 2909 770 2971 nominationem
790 2910 1007 2987 significantes,
1036 2918 1068 2971 ut
1096 2910 1204 2971 ‘bomo
1227 2928 1308 2984 sum,
1338 2910 1442 2971 Cicero
1462 2908 1555 2970 nomi·
1569 2916 1592 2956 ¹⁵

263 3016 354 3088 nor';
377 3011 422 3073 sin
445 3011 509 3072 aliis
531 3012 738 3073 consocientur
760 3010 874 3084 verbis,
902 3018 973 3073 tunc
1000 3012 1169 3073 necessario
1190 3012 1389 3090 adiunguntur
1409 3011 1557 3091 pronomi-

263 3112 366 3187 nibuS,
399 3121 431 3174 ut
462 3112 555 3193 ipsius
586 3114 733 3175 essentiae
764 3113 928 3193 praesentis
958 3114 1209 3175 demonstratione
1241 3122 1392 3175 transeant
1422 3134 1440 3174 a
1473 3112 1556 3175 tertia

263 3233 389 3294 persona
419 3215 579 3277 conexione
609 3216 818 3295 pronominum
847 3214 1035 3294 adprimam
1063 3215 1108 3276 vel
1130 3215 1308 3291 secundam,
1335 3222 1369 3276 ut
1387 3218 1461 3294 ‘ego
1479 3214 1556 3275 Pris-

212 3329 229 3380 3
266 3316 367 3376 ciamus
402 3315 513 3391 scribo,
549 3324 580 3376 tu
605 3316 794 3397 Apollonius'
825 3351 839 3361 -
866 3317 912 3377 vel
939 3317 1110 3397 ‘Apolloni’
1129 3350 1148 3403 '.
1168 3316 1310 3379 ‘scribis’
1341 3325 1372 3377 et
1392 3316 1555 3389 sciendum,

264 3417 342 3496 quod
372 3418 519 3478 vocativus
547 3437 607 3479 non
636 3426 702 3496 eget
733 3418 925 3498 pronomine,
958 3419 1067 3498 quippe
1095 3437 1163 3481 curn
1193 3417 1370 3503 sellcundam
1400 3438 1452 3480 sua
1485 3426 1591 3479 voce²⁰

263 3519 346 3579 liniat
364 3537 521 3599 personam
536 3554 550 3565 ·
572 3526 603 3580 ut
622 3518 769 3599 ‘Apolloni
791 3519 878 3599 legis’
898 3520 943 3580 vel
965 3520 1058 3599 dege,
1081 3520 1200 3582 Terenti
1219 3521 1336 3584 scribis'
1360 3521 1404 3582 vel
1425 3519 1553 3581 ‘scribet

264 3619 450 3699 Virgilius
471 3620 501 3682 in
523 3622 564 3682 X:

884 3723 1072 3803 vigilasne
1095 3725 1201 3786 deum
1223 3723 1333 3805 gens?
1391 3776 1395 3779 .

415 3826 536 3885 Aenea
559 3824 684 3903 vigila.

333 3995 496 4059 2superiori
515 3992 596 4061 (ΜΟ)
680 3994 856 4062 dperleotnm
874 3999 1014 4047 orationem
1033 3996 1076 4047 OS
1153 4005 1281 4061 nequeunt
1299 3999 1403 4067 cdplere
1421 3998 1448 4047 N
1515 4012 1558 4047 ne-

265 4064 391 4127 queantl)
460 4064 560 4126 bquue
579 4072 604 4113 et
622 4066 733 4115 maximo
748 4082 780 4116 ex
798 4074 901 4131 parter
969 4076 1029 4117 sunt
1047 4068 1119 4118 eisL
1190 4069 1241 4117 siut
1258 4071 1283 4118 Ι)
1306 4136 1318 4143 -
1360 4068 1432 4119 dde
1447 4069 1559 4118 nomini-

265 4185 375 4291 busonnr.
397 4185 533 4239 Redde
602 4190 627 4235 et
644 4190 770 4253 epterisr
840 4188 1029 4242 'lenmnninll
1098 4148 1374 4240 8constmctioub'Dd
1440 4190 1557 4255 tlsupm·

220 4318 224 4327 ·
266 4304 391 4356 dicturum
410 4306 450 4357 nr
518 4304 552 4357 10
570 4322 617 4371 per
635 4307 748 4357 ordinem
767 4336 797 4345 —
815 4308 926 4358 absoluti
947 4315 1006 4358 sunt
1022 4324 1068 4358 om.
1086 4310 1111 4359 D
1129 4311 1190 4360 add.
1210 4311 1230 4359 d
1308 4312 1338 4362 ll
1356 4325 1494 4376 personum
1511 4325 1557 4360 om.

266 4376 291 4424 D
307 4376 404 4425 addai
472 4375 505 4426 12
524 4374 643 4441 proferri]
658 4392 673 4425 r
690 4378 843 4441 prolerrolt
911 4380 1032 4444 psolenns
1047 4378 1071 4427 L
1141 4380 1378 4446 phylosoplrnrisll
1448 4379 1481 4431 13
1494 4382 1558 4445 nris·

266 4444 351 4493 totells
375 4444 432 4493 ML
515 4446 547 4497 15
565 4448 605 4495 sui
628 4460 685 4509 cup.
704 4450 746 4497 lin.
766 4447 826 4500 odd.
849 4447 868 4496 d
950 4448 981 4499 17
1000 4457 1130 4499 transeunt
1147 4466 1184 4499 ex
1198 4458 1310 4501 trauseat
1326 4465 1395 4500 corr.
1414 4451 1440 4500 D
1526 4448 1558 4500 lB

266 4516 423 4564 connexione
442 4512 521 4577 (Μο)
542 4515 572 4563 cir
591 4516 767 4567 correxioned
842 4517 931 4567 uelud
949 4519 1086 4569 secundnm
1103 4519 1130 4567 N
1204 4520 1368 4587 pseinnusL
1446 4520 1479 4571 19
1497 4534 1557 4585 upo-

266 4582 593 4647 loniuernppoloniuslt
682 4586 722 4635 vel
743 4584 946 4652 ApollorrlJom.
966 4588 991 4637 N
1015 4588 1181 4654 uelupollini
1200 4592 1224 4639 L
1310 4589 1346 4641 20
1365 4590 1557 4655 pronominpll

336 4655 367 4704 21
389 4652 520 4719 appollorri
540 4654 564 4701 D
634 4654 740 4721 legcem
758 4656 826 4721 legat
844 4658 954 4712 comS
1031 4660 1212 4710 terrentinsD
1290 4663 1325 4712 22
1347 4661 1429 4725 Verg.
1448 4660 1514 4711 Aen.
1533 4658 1557 4707 Χ

266 4719 319 4773 228
335 4738 374 4791 ap.
446 4724 481 4775 24
498 4722 578 4789 vigilo
595 4738 652 4789 sup.
671 4726 714 4779 lin.
734 4726 795 4776 add.
814 4725 841 4776 N
