3400 5325
217 192 281 255 392
767 187 980 251 rstssauto

218 374 368 438 omittere
389 381 446 435 ant
465 371 576 435 multis
591 370 756 439 erroribus
778 393 996 457 corrumpere.
1035 372 1144 459 itaque
1158 370 1259 437 exiis
1276 370 1380 454 libris,
1401 370 1526 457 quibus

219 497 299 539 usus
323 496 410 555 sum,
433 494 518 537 nnus
532 472 564 537 V
579 474 688 538 omnia
709 494 794 561 quae
811 474 939 539 Graece
961 475 1084 560 scripta
1105 482 1182 537 sunt
1202 474 1360 539 servavit.
1405 472 1446 535 ad
1467 492 1524 535 ou-

220 578 271 640 ius
294 574 390 639 fidem
411 575 560 661 proxime
580 575 708 639 accedit
729 575 778 654 A,
798 575 845 640 'in
867 596 932 661 quo
954 574 1107 640 breviora
1124 596 1189 638 non
1212 574 1283 637 sina
1302 573 1415 637 multis
1436 594 1524 639 errae

220 677 312 742 ribus
335 675 483 761 quidem,
506 674 565 739 aed
583 677 630 739 ita
650 685 761 742 tamen
783 686 821 741 ut
839 676 923 741 nihil
945 677 1164 758 omitteretur,
1189 675 1353 763 descripta
1372 685 1464 757 sunt,
1487 676 1523 739 in

222 776 349 843 duobus
370 776 574 861 longioribus
597 775 791 863 fragmentis
814 802 845 863 p.
876 780 954 841 1317
978 785 1011 841 et
1035 780 1128 843 1350·
1144 778 1251 863 prima
1279 774 1440 843 vocabula
1467 800 1525 863 po-

222 884 301 957 sita,
330 879 456 965 reliqua
476 876 596 941 omissa
619 887 705 943 sunt.
749 880 784 942 in
806 880 853 960 R,
878 879 934 964 qui
956 877 1060 942 codex
1082 877 1244 943 Prisciani
1264 877 1366 944 verba
1390 898 1522 943 accura-

221 984 287 1046 tius
310 1001 407 1066 quarn
429 978 547 1062 reliqui
575 976 653 1042 libri
679 982 860 1067 expressit,
892 980 1069 1045 eGraecis
1100 979 1271 1045 vocabulis
1301 1000 1426 1067 paucae
1454 979 1522 1044 iere

221 1082 351 1146 litterae
373 1081 482 1166 pictae
504 1089 597 1160 sunt,
629 1079 761 1145 defectu
785 1082 832 1145 ita
859 1102 958 1168 super
980 1100 1110 1146 versum
1134 1080 1278 1155 indicato
1302 1080 1411 1145 ‘deest
1429 1100 1522 1164 graa-

224 1191 327 1249 cum’.
374 1181 513 1268 denique
531 1180 612 1245 BPS
631 1183 739 1246 omnia
761 1180 831 1247 fere
850 1202 935 1269 quae
952 1180 1078 1245 Graece
1098 1182 1221 1267 scripta
1243 1189 1337 1245 erant
1358 1182 1522 1246 omittunt.

307 1283 364 1348 Ex
389 1283 430 1346 iis
459 1281 569 1364 libris,
599 1304 737 1369 quorum
768 1284 930 1368 integram
963 1283 1142 1370 scripturae
1175 1282 1428 1366 discrepantiam
1457 1303 1523 1346 non

223 1386 340 1467 habui,
376 1384 518 1447 maxime
539 1382 766 1449 memorabiles
792 1392 867 1449 sunt
890 1384 969 1462 duo,
999 1384 1259 1449 Monacensis
1289 1385 1368 1451 280.
1390 1392 1423 1447 et
1450 1382 1521 1448 Er-

223 1485 444 1569 langensis
474 1488 561 1549 301.
606 1483 646 1549 de
669 1484 860 1549 Monacensi
883 1486 1011 1568 codice,
1046 1508 1141 1572 quem
1173 1482 1348 1572 descripsit
1368 1483 1522 1549 Horisius

223 1586 328 1675 praef.
347 1585 508 1651 Priscian.
531 1585 548 1649 Ι
571 1608 603 1671 p.
626 1584 747 1669 XXII,
779 1608 853 1652 cum
881 1586 1080 1652 Guilelmum
1107 1586 1288 1651 Christium
1313 1607 1371 1671 per
1396 1585 1522 1649 litteras

224 1689 515 1772 interrogavissem
544 1697 577 1751 et
598 1686 640 1751 ab
668 1709 706 1751 eo
731 1688 921 1773 petivissem
949 1698 985 1751 ut
1013 1688 1154 1751 maxime
1182 1689 1224 1751 da
1245 1686 1384 1774 Didymi
1412 1686 1522 1751 verbis

223 1814 256 1876 p.
283 1791 363 1853 1350
384 1789 509 1871 citatis,
524 1814 529 1821 ·
545 1810 629 1875 quae
650 1789 748 1852 unius
771 1787 800 1851 V
822 1790 1019 1853 auctoritate
1039 1788 1243 1872 nitebantur,
1275 1810 1327 1853 me
1350 1789 1523 1855 certiorem

223 1889 362 1972 faceret,
389 1888 448 1953 illa
470 1889 602 1976 quidem
625 1910 686 1953 sua
705 1910 804 1955 manu
824 1892 1039 1977 transscripta
1059 1890 1194 1955 comiter
1216 1891 1259 1953 ad
1279 1912 1330 1955 me
1355 1889 1459 1971 misit,
1489 1890 1525 1953 in

211 1989 359 2077 'reliquis
385 1990 466 2056 locis
487 2014 529 2055 ne
548 2013 591 2055 ex
609 1990 671 2056 boc
692 1990 825 2078 quidem
848 1990 1000 2074 meliora,
1032 2013 1129 2079 qnam
1154 2012 1238 2078 quae
1267 1995 1301 2055 in
1327 1990 1404 2055 aliis
1429 1988 1522 2054 libris

224 2100 392 2175 extarent,
424 2094 491 2178 peti
519 2113 615 2179 posse
641 2100 779 2157 testatus
810 2102 870 2156 cst.
915 2114 981 2179 qua
1010 2116 1045 2157 re
1074 2094 1109 2157 in
1135 2092 1191 2157 illo
1219 2091 1291 2157 loco
1327 2112 1424 2178 quem
1452 2090 1523 2155 dixi

226 2193 407 2279 scripturae
430 2192 682 2280 discrepantiam
704 2192 856 2278 adposui,
890 2216 1086 2281 quamquam
1108 2202 1238 2280 praeter
1266 2214 1366 2257 unum
1395 2192 1524 2279 supple-

225 2302 386 2375 mentum,
409 2293 497 2381 quod
518 2293 597 2358 olim
617 2294 695 2358 inde
717 2293 867 2359 ediderat
889 2295 1086 2382 Spengslins
1108 2297 1142 2359 in
1165 2292 1261 2360 Varr.
1282 2292 1322 2357 de
1344 2293 1425 2379 ling.
1448 2292 1522 2357 Lat.

225 2418 257 2481 p.
284 2399 360 2476 171,
388 2394 469 2457 nihil
499 2396 577 2458 novi
604 2393 723 2459 attulit.
768 2393 984 2480 Erlangensis
1011 2405 1120 2461 autem
1149 2395 1255 2462 codex
1277 2404 1410 2482 propter
1430 2395 1524 2459 Cice·

225 2496 315 2561 ronis
339 2495 380 2561 de
401 2505 530 2561 oratore
551 2495 652 2561 libros
670 2498 705 2559 in
725 2496 840 2582 primis
863 2496 1029 2579 laudatus,
1053 2519 1149 2583 quem
1169 2499 1254 2563 inter
1274 2496 1406 2562 codices
1432 2496 1524 2561 (lice-

224 2598 377 2663 ronianos
404 2598 569 2663 recensuit
590 2594 743 2661 Halmius
772 2597 850 2684 (zur
872 2596 1244 2664 Handschriftenkunde
1274 2598 1332 2664 der
1358 2596 1522 2666 Ciceroni-

223 2699 323 2764 schen
345 2699 527 2782 Schriften,
562 2698 728 2764 Monachii
756 2703 859 2787 1850)
892 2723 924 2786 p.
946 2703 981 2782 3,
1015 2721 1115 2764 unum
1142 2700 1304 2765 Prisciani
1331 2699 1452 2764 librum
1482 2699 1524 2765 de

223 2800 337 2886 figuris
360 2822 568 2865 numerorum
591 2799 717 2864 decimo
739 2799 870 2865 saeculo
898 2803 1054 2889 seriptum
1081 2802 1241 2888 continet,
1278 2801 1302 2865 f.
1329 2805 1386 2865 147
1402 2838 1444 2850 -
1464 2803 1523 2863 150

223 2908 399 2967 Priscianus
422 2910 638 2980 crammoticas
660 2905 838 2982 Symmacho
862 2915 951 2966 -ct
975 2909 1093 2967 simitia.
1130 2907 1176 2968 Bc
1198 2909 1306 2982 Maris
1332 2922 1522 2968 nemaeum

222 3009 300 3068 liher
316 3011 480 3082 maculeris
497 3008 651 3068 Prisciani
668 3011 862 3081 psammetici
883 3008 1085 3070 Caesariensis
1105 3011 1238 3084 explicit.
1275 3009 1447 3070 amando
1466 3008 1522 3068 ch-

225 3107 291 3169 hctc
311 3109 452 3170 (icrhcrto
467 3109 697 3184 philosophante
715 3127 788 3170 suas
802 3113 931 3185 placens
953 3110 1114 3186 Ayrardus
1131 3111 1261 3186 scripsit.
1299 3128 1373 3170 eum
1395 3127 1523 3192 quoque

224 3206 353 3271 Graeca
370 3205 533 3270 vocabula
553 3204 650 3293 plena
668 3207 802 3292 quidem
825 3207 998 3290 exhibere,
1021 3206 1078 3270 sed
1099 3229 1165 3271 non
1183 3207 1316 3272 diversa
1332 3227 1353 3270 a
1367 3205 1523 3272 Leidensi

223 3315 256 3370 et
277 3306 469 3372 Monacensi
490 3305 590 3388 libro,
626 3309 767 3391 cognovi
791 3330 833 3372 ex
856 3310 914 3390 iis,
949 3329 1032 3395 quae
1055 3328 1075 3370 a
1096 3329 1147 3372 me
1170 3309 1391 3393 interrogatus
1416 3329 1456 3372 ea
1482 3307 1523 3372 de
1583 3301 1587 3308 ¹

222 3431 258 3472 re
285 3407 463 3473 liberaliter
491 3409 659 3497 rescripsit
687 3410 739 3474 vir
766 3409 1008 3474 illustrissimus
1039 3406 1300 3473 Doederleinius.
1353 3418 1523 3495 praeterea

222 3511 273 3574 bis
294 3511 329 3574 in
352 3509 489 3574 Graecis
510 3509 681 3574 vocabulis
701 3511 866 3598 adscripsi
883 3511 1106 3574 testimonium
1129 3509 1251 3574 codicis
1267 3510 1412 3574 Parisini
1429 3513 1522 3592 tuot,

222 3611 279 3698 qui
300 3631 458 3675 unacum
480 3611 601 3675 maiore
621 3633 720 3698 opere
734 3610 897 3676 Prisciani
911 3611 976 3678 ·hos
996 3610 1098 3677 libros
1121 3611 1247 3676 decimo
1270 3611 1400 3676 saeculo
1423 3612 1521 3696 scrip-

220 3723 273 3777 tos
298 3711 462 3794 continet,
498 3720 531 3776 et
553 3714 633 3776 item
655 3711 706 3776 bis
729 3712 852 3777 codicis
873 3712 1046 3776 Leidensis
1069 3712 1222 3804 Vossiani
1250 3715 1300 3778 34.
1327 3717 1364 3793 t,
1398 3713 1434 3776 in
1458 3733 1521 3798 quo

220 3823 296 3900 post
317 3812 465 3877 Terentii
486 3811 617 3878 fabulas
639 3815 770 3879 initium
793 3813 869 3878 libri
889 3815 930 3878 de
953 3815 1065 3878 metris
1084 3812 1230 3879 Terentii
1248 3812 1379 3878 saeculo
1396 3812 1521 3878 decimo

221 3915 377 4002 scriptum
400 3923 500 3978 extat.
546 3923 689 3978 ceterum
710 3914 745 3978 in
768 3936 808 3978 ea
829 3917 1025 4000 cognatione
1052 3917 1195 3979 omnium
1217 3913 1394 3996 librorum,
1423 3936 1522 4001 quarn

219 4016 305 4092 dixi,
334 4013 452 4080 inutile
481 4037 555 4080 esse
583 4017 698 4102 putavi
723 4037 861 4102 operosa
883 4015 1055 4101 diligentia
1080 4015 1240 4102 quidquid
1261 4015 1389 4080 librarii
1409 4037 1522 4102 pecca·

218 4124 337 4182 verunt
354 4117 530 4181 memoriae
549 4116 703 4203 prodere,
726 4115 876 4180 sedeam
892 4119 1054 4181 rationem
1077 4126 1207 4182 secutus
1230 4139 1316 4200 sum,
1337 4127 1392 4199 ut,
1413 4115 1521 4203 siquid

217 4222 254 4284 in
276 4241 342 4283 uno
362 4217 447 4283 libro
469 4217 525 4282 vel
542 4220 699 4283 omissum
719 4217 773 4284 vel
793 4240 896 4304 prave
925 4219 1081 4305 scriptum
1112 4227 1213 4298 esset,
1244 4217 1331 4304 quod
1357 4219 1520 4302 integrum

218 4328 347 4385 extaret
371 4320 405 4384 in
426 4319 578 4404 reliquis,
612 4342 677 4384 non
705 4329 857 4384 accurate
886 4321 983 4384 unius
1011 4319 1169 4406 cuiusque
1198 4319 1325 4406 librarii
1347 4317 1522 4404 neglegen-

219 4424 299 4488 tiam
321 4421 517 4500 indicarcm‚
550 4423 584 4484 in
612 4420 653 4485 iis
678 4428 823 4502 tantum,
857 4443 940 4508 quae
969 4444 1012 4513 ex
1036 4419 1279 4508 antiquioribus
1307 4419 1521 4507 scriptoribus

217 4524 387 4611 adscripta
407 4530 519 4586 essent
541 4521 595 4586 vel
623 4518 757 4608 propter
777 4543 887 4586 rerum
908 4523 1105 4606 gravitatem
1128 4524 1280 4587 maiorem
1305 4543 1415 4588 curam
1437 4521 1522 4586 desi·

218 4623 388 4707 derarent,
408 4622 569 4710 quidquid
588 4622 666 4688 libri
685 4621 898 4704 exhiberent,
921 4645 1146 4710 proponerem.
