3400 5325
443 270 492 332 DE
514 270 661 331 Ftevuts
684 268 918 330 urituuouvu
943 267 1197 331 litonum-17
1405 266 1462 325 111

226 400 248 439 p,
266 388 317 427 1³5⁰
330 386 353 427 P.
1256 392 1277 433 p.
1289 380 1334 422 395.
1350 380 1375 421 Dii
1389 381 1416 421 K.

175 466 311 520 tremas
332 456 497 536 syllabas
523 456 692 517 babeant.
734 454 976 533 una'dempta
1006 454 1114 514 [tricia
1143 454 1278 525 deunx,
1309 452 1467 512 dextans

173 560 320 639 dempto
349 565 536 631 sextante,
567 557 730 617 dodrans
762 556 909 634 dempto
945 556 1165 633 quadrante,
1199 554 1277 626 hee,
1312 562 1349 613 ut
1380 553 1466 613 olim

174 658 255 733 des,
278 660 425 738 dempto
457 659 603 718 triente.
642 656 676 716 in
711 666 867 734 argemo
899 656 1049 729 uunrmi3
1082 656 1114 715 id
1148 655 1189 715 ab
1213 653 1360 715 Siculis.
1406 654 1467 712 de-

174 761 283 834 narii,
306 760 401 837 quod
423 760 538 819 tienos
558 758 656 818 aeris
679 758 867 830 valebant,
891 757 1070 835 quinarii,
1095 759 1189 835 quod
1213 754 1363 833 quinos,
1386 772 1468 813 ses-

151 862 313 922 etortius
335 860 478 921 duobus
498 860 620 920 semis.
653 859 867 939 dupondius
889 850 985 919 euim¹
1007 868 1040 919 et
1062 852 1173 919 semis
1196 856 1371 932 antiquus
1388 874 1468 915 ses·

175 962 313 1022 tertius
335 971 409 1034 est,
438 970 473 1021 ot
495 961 633 1021 soteris
655 960 965 1033 consuetudinis,
995 968 1035 1021 nt
1061 966 1163 1019 retro
1192 976 1276 1018 aera
1298 956 1467 1016 dicerent

174 1063 239 1136 ita,
274 1061 630 1139 utsemis'quintus‚
665 1062 778 1123 semis
800 1069 970 1140 quartus,
1005 1061 1115 1123 seniis
1144 1060 1467 1134 tortiuspronuu-

176 1164 321 1224 tiaront.
359 1163 401 1223 ab
430 1163 543 1223 semis
571 1162 708 1225 tertius
736 1162 944 1225 sestertius
971 1130 1108 1222 dictud
1151 1160 1461 1221 nummidonorii

174 1264 351 1323 atiecima
376 1263 531 1324 libolia’.
577 1264 753 1344 Didymus
776 1264 861 1324 etiam
887 1282 919 1324 ea
941 1266 1108 1324 confirmet:
1140 1259 1201 1321 uui
1232 1260 1397 1338 Δίδυμος
1426 1256 1463 1318 ἐν
1484 1266 1514 1315 tt

138 1367 224 1448 toeqi
247 1362 329 1445 περὶ
354 1365 416 1440 τῆς
436 1354 534 1443 παρα
553 1356 750 1442 Ῥωμαίοις
773 1356 976 1443 ἀναλογίας
997 1354 1133 1436 ’Ἴωνες
1157 1360 1217 1421 καὶ
1241 1353 1401 1421 Ἀττικοὶ
1423 1353 1464 1420 roi

174 1461 241 1526 δύο
261 1460 376 1543 ἥμισυ
397 1458 512 1542 ἥμισυ
540 1465 668 1544 τρίτον
698 1466 827 1541 φασίν,
858 1464 919 1524 καὶ
950 1458 993 1525 τὰ
1022 1464 1061 1541 ἓξ
1083 1458 1196 1542 ἥμισυ
1221 1458 1384 1523 τάλαντα
1406 1460 1463 1541 ἕβ-
1516 1516 1518 1521 .

175 1566 287 1644 δομου
308 1558 575 1644 ἡμιτάλαντον,
597 1564 658 1627 καὶ
679 1567 683 1652 i
702 1557 788 1637 roda
808 1565 986 1648 τέσσαρας
1013 1558 1126 1644 ’ἥμισυ
1146 1560 1275 1643 πήχεις
1296 1566 1464 1642 πέμπτην

173 1661 384 1747 οπιθαμήν,
405 1663 578 1750 καθάπερ
600 1670 718 1745 φησὶν
735 1658 943 1747 Ἡρόδοτος.
960 1666 1145 1748 *προθεὶς
1163 1660 1202 1727 τὸ

326 1766 363 1828 ἕν
386 1768 423 1830 di
452 1761 709 1846 Βατονσιοῖδης

245 2025 256 2072 1
277 2038 328 2071 utra
347 2023 466 2089 adempta
482 2025 507 2073 P
593 2025 652 2074 {iet
669 2026 783 2090 argomoi
802 2026 896 2074 ruumni
917 2025 941 2073 id
963 2036 1001 2074 ost
1026 2026 1057 2075 ab
1073 2027 1193 2081 παιδίας
1263 2024 1417 2073 dsestorius
1441 2025 1467 2073 V

174 2096 301 2159 sextarius
321 2094 344 2140 Α
403 2094 582 2161 bdupundius
603 2096 657 2144 PV
672 2094 810 2159 dipondius
830 2094 853 2141 ,1
916 2096 1037 2144 soutarius
1059 2097 1112 2146 ttV
1127 2094 1255 2144 sextarius
1274 2093 1298 2140 A
1356 2090 1461 2156 deoru]

173 2180 232 2213 arro
251 2166 276 2213 P
344 2164 359 2210 7
378 2165 575 2227 prouuuriareut
595 2167 700 2214 Videtur
718 2164 863 2213 auirrtiaruut
883 2163 982 2213 PliVA
1055 2165 1212 2215 Ssostorius
1231 2162 1314 2212 dietus
1334 2164 1361 2211 V
1382 2172 1463 2211 sestu-

174 2234 227 2281 rius
243 2234 325 2281 dietus
345 2232 366 2281 tt
424 2233 579 2283 Ddidumus
600 2234 665 2297 VM,
681 2235 728 2283 boo
743 2241 781 2281 est
795 2234 878 2283 codena
898 2233 1059 2285 diouateusis
1078 2235 1141 2291 rso,
1162 2236 1231 2282 euius
1249 2233 1422 2293 discrepantia
1441 2234 1465 2280 iu

175 2302 272 2351 Graeco
281 2302 422 2364 sropmeuto
435 2304 565 2364 (teterrima
578 2313 630 2353 est:
642 2302 764 2365 Didymus
775 2304 850 2351 otiam
860 2304 895 2351 itu
909 2302 1048 2357 coufirmat,
1058 2304 1117 2365 ort,
1129 2304 1159 2353 tu
1172 2300 1347 2351 Necessarium
1358 2314 1375 2356 ς
1387 2300 1464 2365 Didy-

174 2370 344 2428 mus—412,
358 2368 448 2420 leaeo
462 2384 532 2423 οονι.
544 2373 570 2420 P
603 2372 750 2422 continuet.
764 2386 981 2423 runtoruoceurw
999 2388 1135 2424 neruorum
1153 2382 1157 2428 t
1173 2384 1385 2422 runrsrwnmoro
1404 2386 1464 2423 sun·

174 2454 284 2490 nonnos.
304 2438 418 2501 (dimidia
435 2456 522 2491 versus
536 2449 614 2507 parte
632 2458 712 2491 uetera
729 2442 830 2503 relicta)
846 2439 852 2502 1
868 2444 949 2493 bouso
972 2446 999 2493 V
1013 2443 1143 2493 continuet
1162 2454 1332 2491 narnienses
1349 2454 1385 2491 uu
1404 2456 1465 2491 urm

173 2524 221 2559 ruo
242 2526 292 2559 nne
310 2524 436 2559 utrumme
453 2526 613 2564 suanenses.
642 2526 721 2561 tuneo
741 2512 774 2560 M
791 2510 921 2561 aoiitirmet
941 2528 1136 2564 sarotnruoruu
1156 2526 1193 2561 rut
1216 2524 1277 2559 neri
1299 2524 1349 2558 ruo
1367 2524 1463 2559 ranen-

173 2592 285 2629 οιυυιιοο
315 2594 534 2631 ιιιιιιιοιιιιοιωιιιο
562 2579 588 2627 Α
623 2580 753 2629 corriumet
776 2577 1076 2645 antarismmriruoosu
1104 2593 1335 2631 rnusorrarmrnrn
1362 2580 1466 2643 reliquis

172 2665 250 2713 usque
265 2649 301 2697 ad
312 2650 372 2711 tte,
386 2648 423 2700 18
441 2645 517 2697 totio
536 2650 633 2700 omissis
647 2651 679 2700 ii.
695 2652 782 2700 littera
797 2648 822 2697 Τ
837 2652 862 2699 iu
877 2652 949 2700 iibris
964 2654 1122 2716 interposita,
1136 2653 1223 2714 inqua
1241 2648 1395 2710 eupiirauda
1406 2658 1466 2712 post

176 2719 370 2769 laiudmnannuru
388 2718 527 2768 elaborauit
545 2719 583 2769 M.
597 2720 745 2770 Seluuidtius
763 2720 865 2788 Didymi
878 2723 970 2785 [rapui.
990 2739 1017 2786 p.
1039 2723 1099 2780 eto,
1118 2720 1187 2770 dard
1204 2719 1256 2766 seio
1272 2733 1305 2765 ou
1325 2725 1396 2766 trans
1415 2719 1465 2768 osi·

172 2790 260 2837 tionem
277 2788 448 2839 uocabulorum
464 2789 574 2852 indicet,
591 2798 618 2839 at
641 2790 789 2839 Priscianus
805 2793 939 2851 scripserit
954 2793 1078 2856 Didymus
1096 2791 1170 2840 etiam
1189 2801 1219 2835 es
1237 2786 1367 2836 confirmet
1398 2803 1414 2834 ν
1427 2785 1465 2852 τῴ

152 2917 155 2921 7
172 2853 238 2920 aspi
253 2855 303 2921 τῆς
318 2852 397 2921 παρὰ
410 2851 564 2921 Ῥωμαίοις
582 2851 748 2921 ἀναλογίας,
767 2853 815 2907 καὶ
834 2857 970 2924 Δίδυμος·
980 2849 1075 2918 Ἴωνες
1092 2877 1147 2924 sqq.
1167 2871 1223 2906 nom
1245 2873 1298 2906 eum
1315 2857 1465 2907 Priscianus

172 2942 220 2976 nou
236 2929 317 2990 ipsius
329 2927 429 2993 δαῖμον·
444 2929 532 2977 tibrum
548 2932 574 2979 in
590 2928 636 2978 doe
654 2931 750 2993 quidem
768 2931 822 2978 ioea
839 2936 978 2994 trartasse,
998 2931 1045 2982 sed
1059 2933 1098 2980 rei
1115 2947 1150 2978 ex
1161 2925 1281 2977 Dardani
1298 2925 1375 2986 iidro,
1395 2943 1465 2992 quem

171 3012 251 3059 supra
268 2999 368 3062 citauit,
387 3000 426 3046 uei
438 3013 474 3046 ea·
486 2999 538 3048 ulio
556 3000 661 3062 quodam
673 2999 847 3049 eorrnueatario
860 2999 958 3050 Graece
969 3003 1064 3064 seripto
1082 3003 1134 3049 aius
1148 2996 1225 3047 uerba
1238 2997 1364 3046 rettulisse
1378 2997 1464 3046 videa-

172 3075 222 3130 tur,
237 3070 299 3129 fleri
311 3074 413 3129 poterat
430 3075 457 3116 ut
474 3069 568 3117 titulum
583 3068 642 3117 iibri
657 3083 674 3117 a
691 3070 790 3118 Graeco
805 3073 967 3131 pruuuuatiao
983 3070 1023 3120 dia
1040 3073 1175 3126 amissum„
1197 3067 1245 3116 sed
1269 3059 1344 3116 abira
1368 3068 1464 3118 indica-

172 3143 221 3185 turi
236 3137 292 3198 ipse
309 3137 431 3196 adderet,
447 3137 538 3187 deinde
554 3153 638 3187 nomen
658 3140 768 3187 marteris
785 3141 836 3199 ita,
866 3147 893 3187 ut
910 3141 935 3188 iu
955 3139 1053 3188 Graeco
1071 3139 1244 3188 conmentario
1262 3138 1380 3218 seriptum
1397 3139 1463 3186 inue-

171 3214 258 3261 nerat,
279 3200 327 3252 rut
346 3202 487 3269 Δίδυμος,
505 3214 640 3268 repeteret.
705 3207 737 3256 12
755 3223 889 3257 usuunuu
910 3208 943 3257 M
964 3224 1074 3260 nunnus
1099 3210 1125 3258 V
1137 3197 1286 3269 ιπὲμπιην
1306 3205 1464 3269 ημισπιθα-

172 3266 230 3339 μήν
247 3277 351 3324 Visetur
364 3267 513 3340 miteretur
529 3278 634 3340 -412,
646 3276 678 3326 18
690 3273 741 3324 roi
754 3288 770 3323 ο
784 3292 828 3326 om.
845 3277 870 3325 Α
926 3278 957 3328 13
969 3268 1133 3342 Ἡρόδοτος]
1151 3275 1171 3324 [t
1192 3274 1242 3326 loe
1260 3269 1385 3338 μέγαθος
1397 3269 1463 3339 πέμ-

173 3360 244 3408 ποης
260 3341 417 3407 σπιθαμῆς.
435 3346 651 3409 Lirrdemanunus,
673 3361 726 3394 murt
747 3361 833 3396 nomen
851 3347 977 3398 Herodoti
994 3350 1030 3398 ad
1046 3365 1077 3398 eu
1096 3361 1160 3412 quae
1178 3345 1210 3396 da
1228 3345 1373 3396 rirrbiioadi
1390 3361 1464 3397 versu

173 3415 306 3476 adscripta
323 3421 381 3462 suut
397 3415 524 3478 referret,
542 3416 573 3465 de
589 3419 749 3480 pramntatico
770 3417 876 3480 quodam
893 3419 1024 3468 Herodoto
1047 3416 1174 3482 copitabat
1194 3429 1221 3477 p.
1241 3413 1301 3464 stu.
1331 3413 1386 3464 bino
1402 3429 1462 3477 pro-

170 3484 254 3556 [eatus
272 3484 303 3534 G.
320 3485 481 3535 Hemuuuus
497 3485 568 3548 apud
583 3484 712 3535 Krediium
729 3486 886 3535 scribendum
902 3491 1007 3538 coniecit
1023 3481 1158 3547 καθάπερ
1177 3478 1266 3547 φησὶν
1283 3474 1463 3547 Ἡλιόδωρος,

174 3542 206 3608 ὀς
227 3547 366 3616 προσθεὶς
385 3546 416 3601 ati
435 3544 465 3600 ἐν
482 3546 513 3602 δὲ
532 3549 740 3620 Βατουσιάδης,
760 3571 861 3620 eantque
878 3558 1030 3620 scripturum
1048 3573 1064 3605 a
1077 3555 1183 3606 Hreitiio
1200 3562 1326 3616 receptam
1342 3569 1464 3604 consensu

172 3637 218 3671 suo
231 3621 403 3685 probauerunt
417 3624 569 3684 plurimi.in
592 3625 695 3673 eandem
717 3626 884 3675 conicetur-am
907 3627 1030 3676 inciderat
1052 3627 1195 3686 Por-sonus,
1221 3626 1276 3687 qui,
1304 3631 1331 3672 ut
1354 3623 1464 3673 Kiddius

172 3692 281 3749 iudicat,
310 3693 408 3740 Porsen
429 3700 509 3743 treats
527 3695 580 3743 aad
594 3696 781 3744 misaeiiaueous
798 3697 928 3744 critieisrus
945 3697 1067 3746 aoiierted
1093 3695 1125 3759 δμ
1144 3692 1215 3742 Kidd
1236 3708 1263 3755 p.
1285 3692 1350 3752 311,
1373 3683 1465 3740 Ἡλιό-

173 3758 264 3824 δωρος
288 3776 337 3823 pro
357 3751 507 3824 Ἡρόδοτος
529 3765 657 3828 iepeadruu
675 3765 715 3814 uei
739 3766 866 3815 excidisse
885 3765 1020 3828 peractione,
1046 3772 1072 3813 ut
1095 3765 1151 3813 oiim
1173 3763 1266 3826 suisset
1284 3753 1463 3824 Ἡρόδοτος*

167 3817 340 3893 Ἡλιόδωρος
364 3827 498 3894 προθεὶς,
526 3835 669 3895 suspiratur
696 3842 761 3883 erat.
800 3835 927 3885 Herodoti
954 3835 1114 3884 testimonium
1143 3849 1190 3896 quo
1214 3833 1355 3895 pertineret
1381 3833 1464 3880 duruit

172 3899 304 3949 Eirasieius
321 3901 561 3962 eiassiraiJ'ournat
578 3906 626 3952 voi.
649 3904 677 3951 V
690 3921 715 3953 u.
737 3903 803 3952 1812
825 3917 852 3964 p.
875 3903 935 3953 331.
962 3921 992 3953 ea
1011 3912 1092 3953 autem
1116 3918 1181 3968 qrtue
1205 3904 1322 3962 proriae
1343 3909 1463 3951 seruntur

171 3970 204 4018 ab
222 3971 273 4021 aiio
291 3977 409 4035 audere,
427 3973 496 4020 cetius
514 3987 598 4022 norueu
616 3975 656 4021 uei
672 3989 690 4019 a
707 3973 842 4024 Prisciauo
859 3976 896 4024 oei
913 3991 928 4022 a
945 3973 1057 4023 librariis
1076 3972 1204 4022 Prisciani
1220 3971 1332 4019 omissum
1352 3979 1399 4033 est,
1416 3987 1461 4033 pe-

171 4039 218 4087 tito
234 4047 297 4088 sunt.
321 4048 459 4101 praeterea
476 4041 606 4105 Didymuru
624 4042 656 4090 de
671 4042 718 4091 Ιιοο
736 4044 836 4091 dicendi
849 4058 944 4106 perere
962 4045 987 4092 ia
1003 4045 1124 4092 rneasuris
1139 4049 1164 4090 et
1178 4039 1331 4103 ponderibus
1349 4041 1461 4090 indit-au·

170 4109 212 4157 dis
228 4109 321 4158 usitato
335 4107 412 4171 ptura
428 4126 501 4173 quam
516 4127 581 4175 quae
602 4111 641 4162 bie
659 4114 741 4160 relata
757 4121 815 4161 sum
832 4113 997 4173 disputavisse
1020 4119 1134 4170 constat,
1159 4109 1278 4175 siquidem
1304 4110 1356 4158 atta
1379 4110 1463 4159 eodem
1556 4113 1558 4118 '

171 4185 277 4226 auctore
292 4179 325 4228 de
342 4195 372 4226 ea
390 4195 419 4227 re
437 4195 516 4242 supra
529 4195 556 4242 p.
571 4180 662 4243 tos,o
692 4182 840 4232 Pristiauus
859 4183 1007 4244 adscripsit,
1025 4198 1090 4246 quae
1107 4197 1141 4230 esa
1158 4181 1206 4229 itae
1223 4181 1279 4242 ipsa
1293 4179 1463 4241 disputatione

168 4247 254 4310 petita
268 4263 324 4298 esse
338 4248 470 4308 probabile
487 4259 532 4298 est.
570 4252 654 4314 itaque
675 4249 738 4300 daea
759 4267 790 4300 ue
812 4254 901 4301 iteratur
920 4261 1087 4313 ponerentur,
1107 4250 1154 4299 doe
1172 4253 1226 4299 loeo
1245 4251 1336 4298 omissa
1353 4265 1408 4298 esse
1426 4253 1461 4300 oi-

170 4317 270 4364 dertur.
301 4332 349 4380 quo
360 4319 420 4378 lieri
432 4326 533 4379 poterut
546 4329 573 4370 ut
590 4322 662 4369 siruui
681 4336 712 4370 ea
727 4335 792 4384 qrtae
811 4321 846 4369 ud
859 4323 1002 4384 proripiunt
1018 4323 1094 4370 iocum
1112 4336 1147 4369 ea·
1163 4321 1227 4370 iibro
1245 4313 1308 4380 περὶ
1326 4316 1462 4384 μουσικῆς

169 4387 270 4434 ritatem
285 4387 445 4448 pertinebant
462 4389 648 4438 interciderunt.
682 4405 828 4454 quamquam
846 4405 877 4438 ne
894 4393 958 4440 iliud
975 4391 1070 4456 quidem
1087 4397 1196 4450 constat,
1218 4395 1298 4436 utrum
1315 4389 1463 4452 antiquioris

168 4459 326 4520 proauitatiri
342 4457 502 4506 testimonium
520 4459 661 4509 adhibuerit
677 4459 811 4523 liidprms,
837 4477 871 4508 aa
895 4461 976 4522 ipsius
1000 4461 1099 4525 Didymi
1119 4460 1157 4508 oei
1176 4461 1242 4508 aiios
1261 4459 1416 4522 praenuatirt'
1432 4459 1462 4507 ii-

170 4525 241 4574 brum
260 4525 293 4576 de
310 4527 403 4574 rnusira
420 4527 490 4576 dieat
501 4529 533 4586 is,
550 4531 621 4578 euius
634 4532 806 4579 aristot-itatem
816 4529 971 4579 Prisriurutra
987 4532 1058 4594 sequi
1073 4543 1154 4590 supra
1172 4529 1237 4576 dicei.
1256 4533 1363 4576 aeterum
1379 4527 1462 4576 eodem

170 4603 275 4644 auctore
294 4611 354 4644 usus
371 4603 408 4645 est
422 4596 565 4659 Hesprbius
577 4588 773 4658 Ἡμιούτοιοον
794 4589 846 4646 δύο
870 4587 955 4663 ἥμισυ
975 4589 1138 4662 Ἀρχίλοχος,
1206 4597 1237 4646 11
1256 4585 1286 4643 ἐν
1307 4588 1338 4644 di
1356 4595 1460 4663 Barou-

171 4655 290 4728 σιοὶδης,
311 4679 361 4725 pro
381 4679 429 4727 quo
445 4659 476 4713 ir
497 4656 638 4722 δεκάτους.
655 4657 748 4729 'tione
763 4667 880 4718 ediderat
903 4670 1022 4731 Vinctus,
1051 4667 1143 4717 babent
1164 4668 1238 4716 VM:
1250 4664 1399 4717 Aru-dilorito
1415 4669 1461 4716 iri-

173 4733 226 4782 buit
244 4733 399 4796 Hephaestio
413 4750 440 4797 p.
460 4732 493 4785 31]
512 4735 595 4797 Gaiss.
615 4733 652 4798 (p.
673 4736 706 4787 43
724 4737 764 4784 ed.
781 4735 847 4802 see.)
