3400 5325
268 200 330 262 478
819 201 1005 264 Putetttnut

266 315 494 466 mclnlllerldls
517 387 629 448 iaciunt
648 387 830 463 genetivum,
850 387 996 464 siguincat
1018 387 1129 448 frondis
1151 376 1205 464 τὴν
1228 315 1568 462 φυλλάδϊῗὲηῖῖιίξηιι-
1665 403 1666 428 t

216 496 251 547 att
271 495 330 548 tent
349 478 382 546 τὸ
404 485 545 547 κυνίδιον.
586 497 737 567 praeterea
760 487 844 564 glans
867 507 969 550 vecors
992 507 1117 549 concors
1138 487 1262 549 discors.
1311 485 1472 568 libripens,
1496 490 1566 567 quin

266 607 282 648 a
306 588 395 650 verbo
421 590 518 668 pendo
547 587 748 669 componitur,
779 599 991 650 consonantem
1027 591 1105 652 verbi
1128 599 1238 660 servat,
1262 591 1373 652 lonicus
1396 591 1566 668 genetivum

266 710 320 770 per
339 691 400 763 dis,
423 691 603 770 libripendis.
649 690 706 751 Fac
729 691 765 750 ab
787 711 823 751 co
845 690 1043 751 clementinum.
1089 691 1144 752 llic
1166 699 1195 750 et
1216 691 1288 750 baec
1315 691 1430 768 gentilis
1454 700 1484 750 ot
1508 691 1568 750 buc

265 792 383 870 gemite.
414 793 527 852 vitietur
548 791 634 852 ctiam
656 811 751 870 gentis
773 811 791 852 a
813 801 900 870 gerite
922 792 1065 868 derivari,
1087 794 1164 854 unde
1187 800 1216 852 et
1238 793 1342 870 genius
1364 802 1393 852 et
1415 792 1590 868 generalisa

265 902 296 954 et
314 913 493 971 generosus,
515 903 544 953 et
566 894 728 974 composita
751 893 887 972 indigena
911 893 1055 971 ingenuus
1077 895 1214 972 degener.

877 1127 941 1180 llll.

529 1271 570 1311 tta·
593 1270 714 1311 scutata
736 1269 835 1320 Gutta
859 1271 915 1310 IAM
935 1269 1049 1312 DVDW
1071 1267 1188 1310 SAl'OlA
1207 1269 1301 1310 CVRA-

214 1421 249 1471 84
351 1403 468 1466 Scande
491 1421 617 1464 versum.
662 1404 748 1464 Atre
788 1402 855 1480 gitta
873 1421 923 1480 gra
965 1403 989 1463 vi
1006 1403 1062 1462 iam
1100 1401 1208 1462 clodum
1250 1403 1348 1462 saucia
1382 1421 1462 1462 enta.
1508 1401 1564 1461 Ilic

264 1523 413 1566 caesuras.
459 1503 687 1582 semiquinaria,
719 1511 749 1564 at
776 1505 877 1582 regina
903 1504 990 1582 gravi.
1038 1503 1116 1573 Ottot
1146 1505 1304 1580 tigurarum
1327 1501 1397 1562 cst?
1440 1504 1558 1564 Decem.
1576 1527 1599 1563 io

265 1606 352 1668 babet
373 1607 451 1666 enim
474 1613 536 1666 tres
558 1605 707 1684 spontione
727 1613 757 1664 et
777 1606 853 1665 duos
874 1604 1015 1684 dactylos.
1062 1605 1166 1664 Tracta
1192 1604 1293 1684 pedes.
1338 1605 1410 1664 Atre
1425 1608 1561 1679 ptnnpra

265 1713 353 1768 eitum
373 1711 486 1786 dudqm
508 1711 613 1766 sancto
630 1725 716 1768 miro.
761 1708 863 1767 Partes
889 1706 1030 1766 orationis
1059 1715 1131 1784 qnot
1157 1706 1268 1768 babet?
1305 1707 1434 1786 Septem.
1480 1709 1560 1776 Quint

264 1809 404 1871 nomina?
427 1813 588 1881 Quattuor,
613 1808 712 1886 regina
736 1808 813 1886 gravi
837 1809 935 1868 saucia
958 1825 1037 1868 cura.
1083 1807 1120 1868 Et
1142 1807 1211 1885 qnid
1234 1805 1334 1868 alind?
1375 1808 1466 1868 Vnam
1488 1825 1561 1868 con-

264 1912 461 1985 iunctionem,
485 1916 529 1984 at,
553 1918 582 1970 et
603 1910 661 1970 duo
684 1907 834 1983 adverbia,
856 1910 912 1970 iam
936 1909 1056 1970 dndntn.
1101 1909 1205 1970 Tracta
1230 1908 1362 1986 singulas
1381 1918 1489 1988 partes.

349 2017 390 2074 tt
411 2031 486 2091 qnae
506 2031 576 2092 pars
597 2011 739 2072 orationis
760 2010 826 2072 est?
863 2011 1047 2072 Coniunctin.
1093 2011 1168 2080 Quid
1189 2020 1235 2071 est
1260 2009 1449 2071 coniunctio?
1484 2011 1594 2072 Parsn.

214 2133 247 2184 ss
265 2117 406 2178 orationis
433 2115 592 2176 adnectens
623 2113 821 2191 ordinansque
846 2110 1032 2172 sententiam.
1078 2113 1155 2181 Quot
1184 2111 1319 2172 accidunt
1340 2111 1559 2172 ronitmctinui?

263 2219 346 2290 Tria,
370 2225 501 2296 potestas
521 2215 593 2305 ordo
614 2216 715 2292 sagina.
761 2215 853 2276 Cetius
875 2223 920 2274 est
937 2209 1111 2292 potestatis?
1141 2213 1343 2294 Copulatieae;
1364 2222 1408 2273 est
1431 2221 1527 2275 tamen
1553 2224 1556 2306 t

264 2320 351 2380 etiam
370 2329 399 2378 et
421 2317 632 2389 adversativae,
653 2334 740 2394 qnam
757 2317 860 2377 Graeci
881 2307 1130 2390 s'vnieanpeciadv
1149 2325 1267 2387 vocant,
1290 2315 1366 2374 sicut
1388 2315 1475 2375 etiarn
1497 2315 1556 2376 bic.

262 2439 330 2482 nam
359 2424 455 2481 denes
481 2419 650 2498 quiescente
679 2417 780 2494 regina
806 2418 957 2490 turbatur,
988 2417 1066 2494 qnod
1096 2424 1141 2476 est
1163 2417 1351 2476 eontrarium.
1398 2416 1488 2476 Cuius
1513 2425 1558 2476 est

263 2520 396 2584 ordinis?
435 2521 623 2581 Communis:
653 2518 720 2578 licet
742 2520 820 2579 cuim
846 2520 932 2580 etiam
956 2524 1234 2598 postponeremus,
1261 2519 1408 2596 quomodo
1429 2527 1475 2592 et;
1502 2518 1592 2578 sedeo

264 2624 347 2687 metri
364 2643 467 2697 causa,
488 2622 566 2701 qnod
586 2622 647 2683 lere
661 2621 691 2681 in
713 2621 850 2683 omuibus
869 2629 966 2701 potest
982 2619 1103 2681 inveniri
1121 2619 1325 2700 praepositivis
1344 2621 1557 2681 coniunctioni·

212 2736 247 2787 86
263 2728 329 2789 lius
375 2726 465 2787 Cuius
486 2728 596 2803 ligneae
618 2722 683 2784 est?
704 2723 860 2803 Simplicis.
897 2723 954 2783 Fac
976 2722 1011 2783 ab
1035 2742 1069 2781 co
1093 2722 1298 2801 compositum.
1327 2727 1429 2801 Atque.
1462 2726 1555 2793 tinctu

263 2830 352 2891 babet
374 2824 550 2889 accentum?
573 2827 694 2886 Gravem
717 2826 747 2886 in
769 2844 869 2899 versu,
890 2820 1054 2905 quomolldo
1078 2842 1181 2885 omnes
1200 2826 1413 2905 praepositivae
1434 2824 1556 2885 coninu-

263 2931 386 2991 ctiones.

242 3002 257 3031 ⁶
347 3031 486 3109 Regina
510 3048 586 3107 qnae
607 3048 676 3108 pars
702 3028 843 3091 orationis
866 3025 933 3087 ost?
972 3027 1094 3088 Nomen.
1139 3028 1215 3099 Quin
1244 3036 1289 3088 est
1312 3026 1440 3089 numen?
1483 3028 1589 3093 l‘arses

261 3134 403 3193 orationis
426 3140 455 3193 et
478 3140 585 3193 cetera.
630 3131 709 3201 Quint
735 3130 872 3191 accidunt
901 3127 1034 3190 nourini‘l
1074 3130 1146 3204 Sex,
1174 3130 1299 3207 qualitas
1324 3132 1438 3210 species
1462 3149 1554 3207 getius

261 3253 402 3295 numerus
431 3234 523 3311 ligura
554 3252 651 3293 casus.
703 3232 794 3293 Cuius
824 3240 870 3291 est
896 3228 1027 3311 speciei?
1057 3229 1244 3310 [derivativae.
1291 3230 1343 3293 llic
1368 3232 1553 3311 primitivum.

210 3344 243 3395 87
265 3336 334 3396 lter.
378 3334 442 3395 lloc
470 3352 586 3413 quoqne
615 3334 692 3396 unde
718 3330 870 3393 nascitur?
910 3334 1025 3411 drogo
1048 3333 1151 3410 verbo;
1174 3335 1251 3395 tande
1273 3334 1437 3412 genetivum
1460 3334 1554 3412 iugis

260 3438 406 3498 terminat.
451 3436 558 3497 dicitur
583 3444 681 3497 autem
711 3437 769 3495 boc
799 3454 904 3495 iromen
936 3452 991 3495 nee
1027 3434 1056 3494 in
1082 3438 1175 3496 totum
1196 3437 1291 3496 dnum
1321 3454 1375 3496 nee
1404 3436 1433 3495 in
1461 3446 1553 3497 tntum
1583 3490 1588 3501 .

260 3538 381 3613 mobile3
411 3543 440 3597 et
466 3538 580 3607 omnia,
609 3556 811 3615 quaecumque
839 3536 1033 3597 masculinnm
1068 3538 1170 3598 tertiae
1197 3536 1308 3597 babent
1339 3536 1587 3607 declinationisso

260 3639 432 3701 femininum
449 3640 559 3701 iaciunt
574 3640 700 3719 primae,
722 3648 755 3699 ut
774 3658 825 3700 res
839 3639 955 3717 regina,
976 3637 1022 3699 leo
1043 3639 1145 3699 leaena
1165 3648 1194 3699 et
1211 3638 1271 3707 lea,
1291 3638 1380 3699 draco
1399 3639 1552 3713 dracaena,

261 3741 369 3821 hospes
396 3742 527 3821 hospita,
558 3758 663 3821 sospes
686 3740 814 3819 sospita,
836 3741 904 3801 leno
923 3740 1004 3813 lena,
1033 3740 1133 3802 strabo
1157 3740 1270 3811 straba,
1295 3750 1322 3801 et
1343 3739 1426 3819 siqua
1449 3741 1552 3803 similia

1545 3928 1555 3947 0

326 3960 344 4012 2
371 3970 503 4027 praetcrea
525 3960 601 4026 glana
624 3976 715 4010 uecors
734 3974 840 4009 rotrcors
858 3960 956 4010 discors
977 3961 1097 4026 libripens
1115 3961 1264 4027 libripendis
1284 3960 1305 4012 0
1332 3970 1465 4027 practerea
1485 3962 1550 4012 libri-

258 4048 323 4098 pens
342 4031 491 4096 libripendis
509 4030 531 4080 G
551 4039 683 4095 praeterea
699 4030 821 4094 libripens
839 4030 990 4094 libripendis
1009 4032 1099 4093 quina
1117 4030 1194 4080 uerbo
1213 4030 1296 4095 pendo
1316 4032 1476 4096 componitur
1492 4046 1552 4081 con·

257 4110 391 4151 seruantem
415 4101 486 4149 irerbi
511 4108 597 4148 serum
620 4098 716 4148 faciens
735 4099 884 4164 genetinum
905 4115 949 4163 per
968 4099 1008 4147 dis
1027 4100 1149 4166 libripens
1169 4100 1319 4165 libripendis
1336 4100 1365 4163 S,
1383 4104 1408 4151 in
1428 4117 1476 4165 qun
1489 4103 1550 4151 baec

256 4178 315 4235 post
328 4172 345 4221 tt
359 4170 472 4233 degener
487 4172 572 4231 posita
587 4177 645 4217 aaut
730 4170 747 4218 b
765 4168 866 4217 uidetur
886 4170 952 4217 enim
975 4182 1086 4233 genneo
1103 4170 1216 4234 gente&
1238 4170 1338 4219 uidetur
1356 4170 1432 4219 etiam
1451 4186 1516 4236 gens
1536 4184 1549 4217 a

257 4255 340 4306 geum
359 4239 495 4289 Cuidetnr
511 4240 587 4289 etiam
605 4252 670 4303 gena
689 4252 814 4303 agenore
831 4236 852 4285 S
932 4240 947 4287 t
966 4252 1105 4289 rnacrarro
1126 4252 1252 4291 uniscunt
1273 4253 1431 4291 cannatum
1451 4256 1476 4289 ns
1497 4256 1550 4289 aar·

259 4326 313 4360 nort
332 4324 431 4373 cassen
446 4323 531 4359 renen
549 4322 615 4357 nient
634 4322 759 4357 sescenos
778 4321 917 4357 consoneat
934 4322 1027 4363 recten
1040 4322 1150 4357 aroensis
1165 4322 1291 4357 innarenn
1312 4324 1411 4358 osnsctt
1425 4310 1446 4359 G
1460 4322 1549 4359 osnsrs

257 4396 325 4431 ctam
347 4392 431 4429 rsnru
456 4376 613 4429 execrctrG
686 4377 715 4427 ll
741 4386 820 4427 tracta
844 4380 925 4445 pedes
942 4384 1028 4445 partes
1047 4377 1206 4427 orationisS
1227 4386 1411 4442 tracta.partes
1430 4378 1548 4428 orationis

255 4467 299 4517 OG
370 4464 401 4513 17
419 4472 459 4512 est
477 4464 551 4512 etiam
570 4471 654 4511 taruen
668 4448 850 4518 aduersatinae
865 4465 887 4513 G
956 4464 989 4511 25
1008 4478 1068 4528 pors
1084 4464 1206 4513 orationis
1224 4470 1248 4512 et
1270 4464 1368 4525 reliqua
1387 4464 1413 4510 Δ
1431 4474 1490 4526 quot
1509 4478 1549 4512 ac·

255 4536 344 4585 eiciunt
362 4533 468 4582 nomini.
497 4530 534 4579 M
549 4532 659 4595 qualitas
683 4544 707 4580 et
730 4530 957 4594 reliqua.euiusS
979 4548 1039 4597 pars
1064 4533 1186 4581 orationis
1212 4541 1272 4595 quot
1291 4532 1408 4581 accidunt
1428 4534 1522 4583 nornini
1542 4570 1547 4582 .

256 4603 372 4655 Cuicul)
439 4600 475 4651 29
496 4600 545 4650 boc
565 4615 654 4650 nomen
674 4602 760 4651 nect)
783 4601 833 4651 boo
848 4616 895 4650 nee
912 4600 955 4653 GS
975 4601 1023 4651 boc
1039 4598 1119 4665 γένος
1136 4596 1237 4651 κοινὸν
1255 4592 1549 4667 dvopetoaccce'tqsrov

256 4686 339 4729 nece
409 4670 444 4723 30
461 4670 669 4734 quaecumquae
691 4686 756 4733 quae
774 4685 833 4721 cum
850 4672 893 4723 00
964 4670 1097 4721 trabeate
1173 4670 1204 4722 dl
1225 4670 1322 4721 faciunt
1338 4684 1385 4721 oar.
1402 4672 1447 4723 CO
