3400 5325
261 288 321 351 aar
793 286 1011 371 [miscunt]

311 420 332 457 ρ.
348 404 405 447 rara.
420 406 444 447 ιιι
459 405 482 446 r.
1333 415 1356 455 ρ.
1370 402 1462 444 arr-ra
1477 401 1506 442 ιι.

261 485 292 537 ut
315 496 387 539 uror
409 478 522 550 uxoris,
555 494 638 537 amor
660 476 783 547 amoris,
811 474 885 536 odor
906 473 1020 547 odoris,
1050 494 1134 535 soror
1154 475 1276 537 sororis.
1321 472 1464 534 neutralia
1486 490 1558 533 vero

209 578 440 646 abbreviantur,
471 586 503 639 ut
529 578 618 639 robor
645 576 774 649 roboris,
803 577 898 637 semor
924 575 1053 635 lenioris.
1097 584 1216 637 notatur
1244 593 1370 646 memor,
1404 573 1482 651 quod
1511 581 1560 633 est

259 678 355 740 omnis
384 680 499 757 generis
528 689 557 740 et
585 689 682 740 tamen
711 678 886 757 corripitur,
920 684 949 737 et
976 676 1170 756 compositum
1202 677 1357 737 immemor
1380 672 1440 758 ssct
1461 692 1555 735 uuum

259 782 423 842 communis
444 780 574 859 generis,
594 780 669 856 qood
693 778 864 859 producitur
878 778 908 838 in
924 777 1060 856 obliquis,
1086 785 1118 837 ut
1138 778 1188 838 lrie
1206 786 1236 839 et
1250 780 1324 838 baec
1346 787 1450 839 auctor
1465 777 1556 838 buius

208 894 242 944 26
260 883 396 943 auctoris.
442 901 477 943 ur
501 882 610 961 syllaba
640 882 794 941 terminata
816 880 999 952 breviantur,
1025 888 1056 939 ut
1078 879 1190 959 sapitur
1215 880 1330 953 letiiur‚
1353 887 1383 940 et
1405 878 1503 939 omnia
1523 878 1581 938 in⁵

258 982 385 1061 obliquis
406 983 523 1045 casibus
541 983 722 1056 breviantur,
746 990 777 1043 ut
799 981 910 1067 sapilrrr
931 982 1077 1061 sapiluris.
1104 982 1237 1044 similiter
1258 982 1306 1043 bic
1330 989 1413 1041 satur
1434 978 1554 1049 saturis,

257 1084 314 1144 hoc
331 1084 413 1147 iecur
434 1084 539 1145 iecoris
559 1084 602 1145 vel
622 1084 773 1155 iecinoris,
797 1083 854 1143 boc
876 1082 970 1143 suliur
990 1082 1118 1143 suliuris.

277 1194 293 1209 ⁹
342 1188 380 1247 ds
400 1185 507 1265 syllaba
525 1186 677 1246 terminata
692 1185 912 1265 producuntur,
934 1191 968 1244 ut
982 1183 1108 1262 dignitas
1122 1183 1282 1261 dignitatis,
1295 1184 1399 1264 pietas,
1416 1182 1554 1255 felicitas,

258 1294 287 1347 et
312 1287 409 1348 omnia
439 1287 604 1347 alitterrrm
634 1286 664 1347 in
700 1286 876 1346 nominativo
910 1286 1082 1365 productam
1117 1292 1242 1346 servant.
1287 1292 1427 1346 notantur
1456 1302 1553 1363 pauca

256 1387 409 1449 masculini
431 1388 547 1465 generis
571 1388 687 1467 propria
715 1388 819 1466 partim
849 1408 866 1448 a
891 1386 1060 1449 nominibus
1083 1387 1230 1447 civitatum
1251 1385 1380 1467 propriis
1399 1385 1592 1457 translatum

256 1506 330 1566 quac
358 1508 411 1569 per
439 1506 596 1568 syncopam
625 1488 748 1568 prolerri
776 1488 926 1560 videntur,
960 1488 1029 1547 durn
1062 1496 1216 1548 accentum
1243 1486 1273 1547 in
1300 1486 1402 1547 ultima
1432 1496 1554 1547 servant

256 1590 379 1669 syllaba,
400 1592 477 1668 quud
499 1598 544 1651 est
562 1598 663 1651 contra
686 1590 816 1667 regulam
839 1587 1024 1662 Latinorum,
1045 1598 1078 1649 ut
1096 1589 1218 1649 barinis
1239 1588 1394 1650 lllaeeeuds
1414 1590 1550 1669 Arpinis.

256 1691 307 1752 scd
329 1692 360 1752 in
378 1691 582 1753 vetustissimis
598 1691 680 1785 libyis
695 1691 886 1752 inveniuntur
900 1691 1024 1769 prolerri
1041 1690 1187 1751 Larinatis
1209 1688 1386 1751 Maecenatis
1401 1691 1551 1770 Arpinatis

204 1806 238 1858 tr
257 1812 311 1872 pro
338 1793 460 1854 Larinas
481 1794 633 1880 Maecenas
659 1792 797 1871 Arpinas;
825 1790 902 1852 unde
930 1791 1078 1853 subtracta
1108 1792 1129 1852 li
1151 1799 1291 1852 accentus
1318 1793 1470 1853 remansit
1517 1812 1551 1853 cs

255 1894 364 1973 syllaba
407 1895 487 1955 linita
532 1894 715 1967 breviantur,
759 1902 790 1955 ut
829 1894 972 1955 llercules
1013 1893 1133 1973 sonipes
1174 1893 1266 1972 alipes
1302 1892 1410 1972 stipes,
1449 1904 1479 1953 et
1515 1894 1546 1953 in
1562 1912 1588 1950 rs

254 1996 380 2073 obliquis
409 1996 542 2057 similiter
564 1992 764 2078 brelviantur,
785 2003 816 2055 ut
839 1995 973 2056 Herculis
991 2005 1020 2055 et
1043 2003 1154 2055 cetera:
1188 1994 1332 2074 excipitur
1353 1995 1441 2055 heres
1463 1995 1552 2055 berc-

254 2096 314 2169 dis,
335 2096 467 2175 locuples
489 2096 652 2177 locupletis,
670 2115 744 2175 quac
764 2095 975 2176 producuntur.
1004 2104 1034 2156 et
1053 2096 1228 2183 notandum,
1255 2097 1332 2173 quod
1354 2096 1451 2157 omnia
1473 2114 1550 2175 quae

254 2204 323 2257 surrt
345 2198 463 2273 quintae
490 2196 693 2258 declinationis
721 2198 752 2257 in
781 2196 907 2276 obliquis
938 2198 1158 2277 producuntur,
1186 2197 1322 2275 quoniam
1350 2197 1551 2276 paenultimae

254 2316 354 2357 eorum
371 2298 400 2357 in
417 2298 593 2360 nominativo
612 2307 640 2359 et
664 2298 791 2359 vocativo
809 2299 1022 2379 corripiuntur,
1045 2307 1077 2359 ut
1098 2298 1172 2359 baec
1192 2298 1283 2359 iacies
1298 2317 1316 2359 o
1334 2298 1435 2373 iacies,
1456 2300 1547 2373 acies,

253 2398 325 2458 dies.
370 2407 520 2478 praeterea
544 2417 633 2460 unum
657 2408 774 2460 notatur
795 2400 825 2460 in
849 2401 950 2460 eadem
974 2400 1104 2461 clausula
1127 2400 1256 2473 linitum,
1276 2400 1355 2477 quod
1377 2418 1438 2460 uon
1459 2401 1587 2478 quin-ro

254 2508 299 2559 tae
319 2499 370 2559 sed
391 2500 493 2560 tertiae
513 2500 715 2561 declinationis
737 2508 797 2573 est,
817 2502 989 2581 producitur
1010 2510 1125 2574 tamen,
1148 2508 1180 2561 ut
1200 2501 1283 2578 quies
1302 2500 1419 2578 quietis.
1449 2510 1549 2562 cetera

201 2618 235 2671 28
254 2601 283 2661 iu
312 2601 437 2680 obliquis
465 2602 648 2682 corripiendo
677 2610 759 2677 sunt,
793 2611 825 2665 ut
853 2602 933 2664 abies
959 2602 1078 2676 abietis,
1108 2602 1200 2672 aries,
1228 2595 1335 2682 paries.
1379 2602 1405 2661 is
1437 2601 1549 2681 syllaba

253 2705 348 2777 linita,
372 2705 395 2764 si
415 2705 475 2766 sint
495 2705 673 2779 accidentia,
694 2706 910 2784 producuntur,
935 2712 966 2765 ot
988 2705 1085 2766 strevis
1100 2697 1277 2764 memorialis
1295 2703 1440 2784 specialis.
1473 2705 1549 2766 baec

252 2811 350 2866 nutem
375 2807 471 2867 omnia
501 2807 665 2868 communis
696 2815 764 2866 sunt
791 2807 922 2884 generis:
952 2807 1062 2866 lacinrrt
1089 2806 1167 2867 enim
1195 2813 1332 2867 neutrum
1354 2805 1417 2879 sic,
1444 2806 1494 2865 hic
1517 2813 1547 2866 et

251 2907 324 2966 baec
355 2907 452 2970 suavis
485 2908 542 2968 boc
567 2927 671 2979 suave,
702 2909 750 2968 bic
779 2907 905 2968 ethaeo
933 2907 1069 2987 specialis
1097 2908 1154 2967 boc
1177 2906 1314 2986 speciale.
1359 2925 1427 2968 narn
1456 2915 1486 2967 et
1513 2908 1586 2967 inas

251 3007 377 3086 obliquis
400 3009 618 3088 producuntur,
638 3017 669 3069 ut
689 3009 776 3070 huius
794 3008 931 3086 specialis
955 3016 984 3068 et
1007 3009 1113 3069 suavis.
1158 3008 1330 3088 appellativa
1354 3017 1451 3068 autem
1471 3009 1547 3070 baec

251 3109 438 3188 producenda
460 3119 543 3183 sunt,
572 3119 603 3171 ut
630 3109 742 3194 securis
768 3109 872 3170 lebetis
895 3109 1014 3189 sinapis.
1060 3117 1157 3170 celera
1179 3128 1247 3170 vcro
1270 3110 1455 3190 corripienda
1475 3119 1546 3171 sunt

248 3211 279 3271 in
302 3210 427 3288 obliquis
451 3211 583 3284 casibus,
606 3230 681 3290 quae
702 3211 842 3290 disyllaba
860 3211 1048 3272 inveniuntur
1071 3211 1101 3272 in
1117 3211 1310 3284 nominativo,
1332 3219 1365 3271 ut
1384 3211 1460 3291 lapis
1473 3207 1488 3294 ΙΙ
1503 3211 1546 3271 la-

249 3311 340 3390 pidis,
366 3311 461 3390 pulvis
479 3312 621 3392 pulveris,
645 3313 765 3390 sanguis
789 3311 955 3391 sauguinis:
978 3312 1120 3391 excipitur
1139 3309 1144 3396 Ι
1164 3312 1307 3392 impubis,
1335 3313 1414 3390 quod
1433 3314 1546 3392 produ-

198 3435 233 3486 29
251 3413 326 3472 citur
349 3421 407 3473 lam
436 3413 465 3474 in
493 3415 670 3476 nominativo
696 3433 784 3492 quarn
811 3413 840 3474 in
862 3414 988 3492 obliquis
1010 3416 1143 3489 casibus,
1163 3422 1196 3475 ut
1219 3415 1305 3475 liuius
1326 3414 1463 3494 impubis.
1509 3436 1582 3476 osso

249 3514 357 3594 syllaba
380 3515 533 3576 terminata
555 3513 584 3575 in
607 3515 792 3595 paenultimis
812 3517 1001 3596 producenda
1024 3525 1109 3592 sunt,
1134 3524 1166 3577 ut
1184 3515 1232 3576 bic
1252 3527 1282 3577 et
1303 3517 1378 3577 baec
1402 3517 1544 3577 sacerdos

333 3787 343 3836 1
368 3787 570 3837 neutralia—2
590 3787 695 3838 femoris
714 3789 796 3838 omG
865 3789 930 3838 2ut
948 3789 1025 3838 robur
1042 3789 1141 3839 roboris
1161 3787 1243 3837 lemur
1262 3787 1367 3838 lemoris
1384 3789 1414 3838 H
1481 3793 1544 3841 lut

247 3857 323 3906 brrirrs
339 3859 450 3907 orrctoris
472 3857 524 3905 GH
593 3858 609 3906 5
628 3857 728 3906 lortilur
746 3859 767 3908 G
838 3857 912 3908 libio
930 3868 1001 3908 sauir
1019 3866 1044 3906 et
1062 3857 1109 3908 boc
1127 3860 1197 3907 iecur
1211 3856 1295 3907 suliur
1308 3859 1401 3909 iccoris
1419 3859 1461 3908 uel
1482 3861 1543 3908 ieci·

248 3927 317 3975 noris
337 3928 366 3976 H
385 3926 425 3975 lric
450 3933 520 3975 satur
545 3927 613 3976 iocur
639 3926 721 3976 sullur
744 3927 860 3977 sulfuris.
899 3929 1023 3977 neutralia
1043 3943 1103 3976 uero
1127 3928 1275 3977 breuianlur
1297 3937 1325 3977 ut
1347 3930 1425 3978 robur
1443 3930 1543 3978 roboris

249 3997 331 4045 lemur·
347 3995 452 4046 lemoris
469 3997 594 4060 excipitur
615 3997 677 4044 cbur
695 3997 764 4059 quod
781 3997 930 4062 producitur
947 3996 1023 4048 buius
1041 3998 1124 4047 eboris
1139 3999 1160 4047 6
1218 3996 1235 4046 9
1254 4007 1279 4046 et
1297 3999 1383 4047 omnia
1400 4014 1415 4047 a
1433 3998 1542 4048 litteram

247 4066 273 4114 in
299 4067 455 4115 nominariuo
483 4073 586 4114 seruant
602 4066 631 4114 H
652 4073 677 4114 ct
699 4067 814 4115 omnino
835 4067 860 4115 in
879 4068 1035 4116 nominatiuo
1054 4069 1201 4131 productam
1219 4076 1323 4116 seruant
1343 4067 1365 4116 6
1385 4077 1410 4116 et
1426 4069 1511 4115 omnia
1527 4083 1544 4115 a

247 4135 355 4184 litteram
373 4145 477 4184 seruant
494 4135 520 4182 in
539 4133 606 4184 omni
627 4149 688 4182 casu
707 4136 854 4200 productam
871 4150 888 4192 ς
906 4146 931 4185 ct
949 4137 1034 4184 omnin
1053 4152 1117 4197 tynae
1131 4151 1160 4184 as
1175 4138 1200 4184 in
1218 4137 1374 4186 nominativo
1391 4137 1543 4202 productam

247 4213 350 4253 servant
370 4205 556 4254 Lindemannua
626 4205 657 4253 lb
676 4205 781 4267 sonipes
799 4206 888 4270 adipes
903 4207 1016 4270 locuples
1034 4207 1113 4270 stipes
1130 4205 1152 4255 6
1221 4206 1247 4254 in
1266 4206 1375 4268 obliquis
1394 4206 1543 4256 breuientur

248 4275 275 4323 H
289 4275 314 4322 in
334 4274 444 4337 obliquis
464 4275 580 4322 similiter
600 4273 621 4324 6
711 4275 741 4324 17
761 4275 873 4340 locuples
892 4275 1026 4340 locupletis
1044 4290 1061 4330 ς
1079 4275 1170 4340 poples
1193 4273 1227 4323 Po
1245 4274 1275 4322 H
1287 4275 1378 4341 poples
1396 4275 1500 4340 poplitis
1519 4275 1542 4326 6

332 4343 400 4406 quod
420 4343 565 4407 producitur
578 4344 606 4392 H
697 4343 727 4393 18
746 4345 847 4407 quando
867 4359 953 4393 eornm
972 4344 1126 4409 penultimae
1145 4344 1170 4391 in
1187 4343 1343 4394 nominatiuo
1359 4344 1540 4409 corripiuntur,

246 4413 330 4462 uoculi
345 4423 403 4461 ante
422 4428 449 4461 es
469 4414 561 4478 posita,
581 4423 608 4462 ut
625 4411 701 4462 iacies
722 4412 805 4475 faciei,
824 4414 879 4463 dies
897 4414 958 4462 diei.
984 4423 1139 4462 consonante
1154 4421 1244 4461 nutem
1261 4423 1320 4463 unte
1338 4428 1366 4462 es
1384 4413 1470 4478 posita
1484 4430 1541 4463 cor-

247 4483 373 4548 ripiuntur
397 4483 421 4530 in
447 4483 570 4544 obliquis,
598 4491 626 4531 ut
650 4483 713 4532 ildes
735 4482 829 4539 lldeig
919 4483 950 4532 lll
970 4492 997 4531 ut
1014 4481 1093 4532 iacies
1112 4483 1168 4531 dies
1188 4481 1499 4546 acies.crreipiturlides
1517 4491 1542 4532 et

247 4551 311 4600 lidos
331 4551 418 4600 llrlium
430 4587 436 4599 .
450 4559 580 4616 praetereo
600 4553 622 4601 6
711 4551 743 4601 23
762 4553 902 4602 accidentia
920 4554 951 4602 II
964 4554 1107 4601 communie
1125 4552 1148 4601 6
1166 4551 1291 4601 adieetira
1304 4553 1387 4602 codex
1401 4551 1544 4601 Burmanni

331 4620 365 4668 27
390 4620 496 4684 plebetis
516 4621 612 4686 sinapis
633 4621 654 4672 G
671 4621 769 4686 sinapis
789 4621 877 4671 lebetis
892 4635 917 4682 ς,
932 4638 977 4672 om.
991 4623 1018 4670 H
1103 4622 1138 4670 29
1156 4621 1304 4686 producitur
1323 4621 1511 4672 moereamus
1528 4637 1543 4670 e

245 4689 334 4737 codr'ce
349 4688 491 4739 Bramaomri
506 4691 641 4754 corripitur
659 4691 710 4741 GH
798 4691 829 4741 31
854 4699 882 4739 ut
899 4691 1019 4740 sacerdos
1036 4691 1177 4741 sacerdotis
1197 4691 1266 4754 quod
1284 4691 1412 4757 positione
1435 4691 1542 4757 longum

247 4765 330 4805 estut
347 4767 464 4822 magnios
482 4759 625 4824 sernigatos
644 4761 669 4808 in
686 4761 794 4824 obliquis
813 4761 986 4826 producuntur
1005 4769 1031 4809 ut
1050 4759 1122 4826 lepos
1138 4759 1160 4808 0
