3400 5325
511 276 559 337 DE
583 277 815 340 xccnu'rtuvs
837 276 961 338 LlBEll.
987 288 1096 342 15—24
1384 276 1445 339 523

204 404 224 441 ρ.
241 392 298 431 torvi.
312 392 338 431 oe
348 392 372 433 o.
1231 408 1252 448 ρ.
1264 395 1351 437 aei-u
1368 395 1394 435 ιι.

153 470 269 523 vertunt
292 471 321 523 et
343 464 527 546 corripienda
550 473 637 538 sunt,
659 472 691 524 ut
713 463 801 525 carbo
825 463 978 538 carbonis,
1000 464 1080 525 bubo
1102 465 1245 537 bubonis,
1263 466 1357 543 caligo
1377 465 1446 527 cali·

151 562 245 639 ginis,
268 564 391 625 altitudo
420 566 589 627 altitudinis.
635 566 644 625 i
672 565 859 625 terminatum
882 584 972 627 unum
992 566 1138 627 invenitur
1159 565 1340 645 trisyllabum
1362 566 1445 627 iude·
1461 570 1497 621 20

152 664 302 735 dioclite,
333 666 409 744 quod
432 667 461 727 in
484 665 662 747 paenultimo
684 666 846 740 breviatur,
879 674 910 727 ut
933 667 981 727 hic
1009 674 1039 727 et
1063 668 1137 727 haec
1159 675 1189 727 et
1212 668 1269 729 boc
1292 665 1382 727 nihili.
1403 688 1447 735 ,ιι

151 764 247 825 littera
274 768 459 829 terminatum
482 786 572 829 unum
594 768 740 847 reperitur
762 776 894 847 aptotum
914 768 944 827 in
966 767 1121 847 singulari,
1144 768 1174 829 iu
1192 768 1297 858 plurali
1318 768 1448 831 declina·

128 874 217 941 atur,
241 868 319 945 quod
342 868 371 929 iu
395 870 574 949 paenultima
597 868 749 946 liquescit,
775 876 806 929 ut
829 868 948 929 tonitru.

235 968 270 1027 nt
293 969 402 1047 syllaba
426 970 521 1039 linito,
545 971 569 1031 si
588 970 647 1031 sint
666 970 854 1050 appellativa,
869 971 898 1031 io
916 969 1095 1049 paenultimo
1111 972 1299 1050 producenda
1317 981 1394 1044 suxit,
1415 981 1447 1033 ut

153 1068 274 1147 vectigal
305 1070 469 1149 vectigalis,
497 1071 624 1132 tribuual
654 1058 824 1131 tribunalis?
859 1072 1001 1151 excipitur
1026 1070 1148 1143 animal,
1178 1073 1255 1149 quod
1279 1074 1444 1153 corripitur.

151 1168 276 1231 barbara
299 1179 397 1233 autem
415 1172 532 1252 propria
551 1172 734 1246 breviantur,
758 1180 790 1231 ut
808 1171 953 1233 llannibal
974 1171 1162 1246 llanuibalis,
1184 1173 1350 1235 llasdrubal
1371 1175 1446 1235 llas·

152 1270 291 1332 drubalis.
323 1290 397 1351 quae
411 1274 508 1334 omnia
525 1274 554 1334 iu
575 1262 701 1350 obliquis
724 1272 841 1333 casibus
864 1271 1068 1352 aprciduetam
1091 1275 1121 1333 in
1138 1282 1258 1347 neutro,
1279 1276 1309 1334 in
1329 1294 1451 1337 mascu—

116 1370 213 1433 tttliuo
235 1372 351 1435 brevem
370 1374 489 1435 babent.
514 1374 532 1435 il
555 1374 663 1453 syllaba
681 1375 836 1435 terminata
858 1374 1056 1453 corripiuntur
1076 1375 1107 1434 in
1129 1376 1324 1453 paenultimo,
1343 1384 1376 1437 ut
1396 1376 1444 1438 hic
1460 1381 1493 1431 21

46 1530 57 1537 .
152 1473 219 1549 vigil
235 1474 322 1537 liuius
341 1475 449 1553 vigilis,
471 1476 547 1556 quod
571 1475 684 1535 videtur
707 1494 759 1555 per
782 1494 940 1555 syncopam
964 1476 1087 1556 prolerri
1110 1484 1139 1535 et
1158 1476 1188 1536 in
1210 1476 1337 1555 obliquis
1355 1497 1472 1557 paeu··

153 1575 283 1635 ultimam
299 1576 429 1656 corripit.
453 1577 481 1636 ol
500 1576 607 1655 syllaba
625 1578 809 1637 terminatum
828 1577 975 1637 invenitur
993 1584 1100 1653 utrum,
1122 1578 1201 1655 cyuod
1220 1578 1250 1639 in
1265 1579 1445 1658 paenultima

152 1677 324 1755 corripitur,
348 1686 379 1738 ut
399 1678 446 1738 liic
465 1676 567 1737 lleliul.
616 1678 643 1739 ul
667 1678 776 1757 syllaba
797 1679 984 1739 terminatum
1006 1698 1098 1739 unum
1117 1678 1267 1758 proprium
1289 1679 1444 1760 reperitur,

151 1778 228 1853 quod
245 1778 407 1853 breviatur,
431 1786 462 1839 ut
485 1778 532 1839 bie
550 1779 663 1853 lleriul,
684 1780 762 1859 quod
786 1780 942 1841 barbarum
963 1788 1017 1839 est.
1050 1750 1112 1840 ‘um
1136 1780 1288 1842 terminata
1309 1782 1443 1843 breviari·
1461 1796 1495 1845 aa

120 1886 214 1951 vatur,
244 1888 275 1939 ut
300 1880 498 1959 Sopluonium
519 1876 532 1961 ΙΙ
553 1881 743 1957 Abrotonium
768 1881 943 1941 l'biloreium
969 1881 1117 1943 Dorcium.
1162 1901 1198 1942 en
1222 1882 1331 1961 syllaba
1353 1882 1443 1956 linita,

153 1981 178 2041 si
202 1982 260 2041 sint
282 2000 298 2039 a
322 1981 415 2059 prima
436 1982 641 2059 coniugatione
661 1984 665 2059 l
685 1982 728 2041 vel
749 2002 764 2043 a
787 1991 900 2059 quarta,
921 1982 1112 2062 producenda
1134 1992 1221 2057 sunt,
1244 1992 1274 2043 ut
1297 1983 1377 2045 solor
1397 2004 1445 2045 so-

151 2082 247 2143 lamen
270 2080 434 2155 solaminis,
458 2083 556 2143 munio
575 2083 742 2157 munimen,
762 2083 853 2143 lurcio
873 2084 1029 2159 larcimeo3
1050 2085 1075 2145 si
1097 2104 1113 2145 a
1135 2086 1265 2145 secunda
1287 2084 1364 2145 vela
1387 2092 1446 2145 terr·

152 2184 205 2257 tia,
225 2184 439 2262 corripiuntur,
459 2192 491 2244 ut
509 2175 598 2247 sedeo
620 2186 769 2257 sedimen,
793 2203 863 2262 rego
882 2186 1022 2263 regimen.
1067 2186 1235 2265 praeposita
1255 2188 1355 2264 itaque
1376 2206 1446 2247 eon·

151 2294 274 2347 sonante
297 2304 313 2346 c
333 2284 515 2365 corripienda
536 2293 617 2360 sunt,
642 2293 673 2346 ut
689 2285 789 2345 liticen
807 2286 928 2346 lldiceu:
951 2286 1094 2366 excipitur
1114 2288 1237 2361 tibicen,
1255 2288 1335 2365 quod
1349 2287 1446 2349 solum

116 2408 142 2447 ιιι
153 2387 338 2469 producitur,
360 2396 392 2447 ut
413 2386 620 2466 praediximus,

235 2490 274 2549 Ar
295 2486 402 2567 syllaba
432 2488 586 2549 terminata
607 2488 811 2568 producuntur
833 2490 869 2549 ad
892 2490 985 2549 instar
1006 2508 1095 2570 supra
1116 2491 1260 2552 dictorum
1282 2490 1445 2565 nominum,
1461 2503 1496 2555 23

150 2600 183 2651 ut
203 2589 332 2651 torcular
352 2588 472 2649 lacunar
490 2589 636 2669 pulvinar:
658 2597 777 2650 notatur
793 2590 926 2670 laquear,
950 2592 1029 2670 quod
1045 2592 1200 2653 breviatur.
1246 2600 1276 2652 et
1297 2592 1394 2654 omnia
1415 2593 1446 2653 iu

151 2691 277 2769 obliquis
300 2691 416 2752 casibus
440 2691 656 2770 producuntur,
686 2701 718 2753 ut
740 2693 894 2758 torcularis
921 2693 1067 2754 lacunaris
1088 2694 1264 2768 pulvinaris:
1303 2695 1447 2774 excipitur

152 2794 256 2868 iubar,
276 2794 352 2871 quod
383 2793 530 2854 lneriatur
559 2801 633 2854 toste
655 2793 827 2870 Virgilio,
858 2801 890 2854 ut
916 2794 1068 2855 ‘iubare
1089 2798 1249 2868 exorto',
1277 2805 1305 2856 et
1328 2796 1446 2875 propria

115 2895 286 2970 ecuornina,
307 2905 339 2954 ut
359 2897 430 2954 Arar
452 2905 480 2954 et
503 2897 611 2954 Caesar
633 2902 662 2953 et
684 2894 798 2954 Bostar.
844 2914 878 2956 er
899 2895 1008 2973 syllaba
1028 2897 1124 2969 linita,
1148 2895 1173 2956 si
1196 2895 1373 2966 sintpeutri
1396 2916 1446 2974 ge·

153 2997 246 3070 neris,
275 2997 304 3057 iu
332 2995 511 3075 paenultimo
540 2996 726 3075 producenda
758 3005 840 3066 sunt,
871 3005 903 3057 ut
924 2997 980 3056 boo
1008 2997 1131 3058 cadaver
1152 3015 1295 3076 papanem
1338 2996 1362 3058 si
1386 2997 1446 3058 sint

151 3098 312 3160 masculina
327 3105 378 3158 aut
393 3098 547 3170 levvvinina,
566 3096 778 3176 corripiuntur,
803 3098 858 3159 uisi
876 3098 933 3159 sint
950 3098 1095 3177 positione
1110 3097 1211 3176 longa,
1235 3108 1268 3159 ut
1284 3098 1333 3159 hic
1350 3098 1447 3159 alacer

151 3199 267 3262 volucer
293 3199 442 3259 mediocer
472 3207 501 3258 ut
527 3200 600 3260 boec
626 3199 739 3260 mulier.
785 3209 814 3259 et
844 3199 919 3258 haec
946 3199 1043 3261 omnia
1072 3208 1101 3260 ct
1126 3200 1231 3261 similia
1259 3199 1289 3260 in
1319 3199 1446 3278 obliquis

151 3301 348 3381 corripiuntur
374 3309 495 3379 excepto
523 3301 570 3361 liic
591 3302 681 3362 lliber
706 3301 793 3362 liuius
816 3300 940 3362 lliberis.
985 3309 1083 3362 cetera
1109 3311 1222 3376 autem,
1247 3311 1279 3363 ut
1290 3301 1446 3363 cadaveris

111 3433 140 3474 ιο
155 3404 306 3482 papaveris
322 3402 421 3462 lateris
442 3403 552 3463 tuberis
575 3403 670 3463 sileris
687 3403 805 3475 ciceris,
832 3402 1039 3480 corripiuntur.
1080 3403 1109 3462 iu
1128 3404 1153 3463 ir
1168 3404 1276 3482 syllaba
1291 3404 1443 3466 terminata
1461 3415 1497 3463 ‘24

152 3504 333 3576 breviantur,
356 3511 387 3564 ut
408 3504 525 3564 semivir
547 3503 680 3565 duumvir
702 3504 847 3575 triumvir,
871 3511 900 3562 et
922 3502 1020 3562 omnia
1043 3503 1072 3563 in
1092 3505 1218 3583 obliquis
1240 3505 1296 3566 sub
1319 3524 1377 3566 uno
1396 3523 1445 3564 ac·

151 3614 237 3666 cetrtu
260 3605 435 3684 proferenda
458 3613 535 3665 suut.
574 3625 608 3665 oc
631 3606 739 3684 syllaba
764 3605 916 3664 tcrvninata
942 3603 1056 3665 ivocali
1078 3607 1246 3685 pracpesita
1267 3606 1445 3678 breviantur,

126 3717 182 3768 -ut
204 3705 308 3767 melior
328 3705 442 3767 doctivn·
464 3707 594 3768 sanctior
616 3707 744 3779 brevior,
766 3717 794 3766 ct
816 3707 889 3766 llaec
910 3707 1006 3766 omuia
1025 3707 1055 3766 in
1073 3707 1199 3786 obliquis
1222 3707 1446 3788 productionem

150 3809 205 3869 sibi
229 3808 399 3868 del'euduut.
444 3809 562 3888 propria
585 3829 652 3868 vero
672 3809 787 3868 uomina
811 3808 1035 3888 productionem
1056 3808 1112 3869 sibi
1135 3810 1254 3870 minime
1273 3809 1444 3882 dolendunt,

111 3939 140 3980 ³5
154 3920 185 3972 ut
201 3907 315 3991 Nelstor
332 3910 480 3983 Nestoris,
504 3910 613 3970 llector
633 3909 779 3972 Hectoris.
816 3910 1018 3989 producuntur
1039 3918 1134 3972 autem
1157 3910 1329 3990 appellativa
1352 3909 1447 3989 plera·

150 4031 205 4092 que
228 4020 287 4072 tam
310 4013 462 4072 masculini
483 4031 570 4090 cyuam
589 4011 721 4072 lemiuini
739 4011 872 4088 generis,
896 4013 1028 4089 quamvis
1051 4032 1109 4074 noo
1132 4013 1259 4072 lrabeaut
1279 4012 1289 4072 i
1311 4020 1382 4072 ante
1401 4030 1444 4085 or,

221 4198 252 4246 10
267 4197 308 4246 liic
327 4196 421 4262 leobigil
442 4199 517 4249 liuius
536 4199 654 4262 lvcbigills
669 4199 694 4246 H
711 4197 751 4248 hic
766 4199 841 4264 abigit
862 4197 938 4248 huius
956 4201 1058 4265 cbigilis
1078 4200 1100 4246 (ι’
1118 4199 1166 4248 boc
1185 4199 1271 4264 bibigil
1288 4197 1347 4248 bilis
1361 4199 1445 4249 codex

149 4269 288 4318 Burnuumi
306 4267 348 4316 bie
365 4269 465 4318 ethaeo
484 4269 546 4333 uigil
564 4269 639 4318 buius
659 4269 747 4332 uigilis
762 4282 778 4324 ς
798 4268 861 4317 baec
878 4269 954 4334 erigit
973 4269 1049 4318 buius
1067 4269 1170 4332 evigilis
1188 4269 1375 4318 Lindemaamu

149 4341 181 4387 '22'
205 4337 314 4386 torcular
337 4330 473 4400 pttluinar.
490 4339 615 4404 excipitur
639 4339 711 4388 iubar
734 4349 758 4387 et
780 4339 862 4402 imper
886 4353 951 4402 quae
973 4340 998 4387 iu
1023 4338 1132 4400 obliquis
1152 4337 1341 4388 breuiantan
1409 4339 1444 4387 at

148 4405 267 4472 Virgilio}
295 4407 358 4454 Αειι.
373 4409 415 4455 tttt
436 4407 484 4458 130
555 4417 643 4457 exorto
659 4443 665 4456 .
679 4417 702 4456 et
722 4407 798 4464 idem,
819 4423 924 4457 nummo
942 4409 1006 4457 deus
1024 4409 1122 4472 impare
1140 4408 1235 4471 gaudet
1248 4410 1344 4472 (Verp.
1362 4407 1443 4457 bucol.

148 4477 174 4530 8.
193 4477 239 4532 lb)
259 4487 282 4523 ct
303 4477 406 4540 propria
422 4489 438 4532 ς
491 4487 515 4526 et
529 4505 556 4512 -
571 4479 603 4526 25
621 4477 710 4527 bostar
728 4493 772 4526 om.
784 4477 811 4526 l!
881 4478 915 4526 29
931 4489 1036 4542 excepto
1050 4476 1112 4524 lvace
1129 4477 1220 4527 mulier
1236 4477 1311 4527 huius
1329 4478 1444 4526 mentieris

75 4601 79 4606 ,
148 4549 293 4609 chceptu
313 4545 404 4592 muller
427 4555 453 4594 ut
472 4545 547 4596 liuius
567 4548 679 4596 vvvvdicris
699 4547 725 4594 u
818 4545 854 4597 30
871 4547 958 4596 lateris
981 4547 1080 4595 codices
1097 4546 1239 4598 Burmanni
1261 4555 1288 4596 et
1310 4545 1446 4598 Muddloei
1535 4545 1540 4552 '

147 4617 240 4665 laceris
260 4615 311 4662 ult
330 4613 418 4664 luseris
438 4629 454 4670 ς
536 4617 639 4664 tumoris
659 4616 753 4666 tuberis
773 4615 801 4664 n
887 4617 920 4666 35
938 4615 1047 4664 ltectoris
1061 4651 1068 4663 .
1083 4623 1107 4664 ct
1124 4617 1227 4680 indecor
1245 4617 1317 4664 errius
1334 4616 1443 4680 simplex

147 4685 287 4750 penultima
311 4693 426 4747 eorreprn
445 4685 573 4734 inuenitur
595 4687 663 4749 apud
685 4684 876 4735 uetustissimos
901 4685 1003 4747 qviaudo
1021 4699 1067 4749 pro
1087 4683 1194 4735 decorus
1213 4687 1306 4735 decora
1322 4686 1443 4736 decorum

146 4753 268 4818 accipitur
282 4753 474 4816 ,producuntur
494 4753 514 4801 G
