3400 5325
261 213 326 273 466
818 198 1005 274 PlllSClel

330 326 486 369 ‚rarae
1366 328 1472 369 assae
1508 358 1513 367 .

262 326 394 459 onllnisll
437 396 633 477 Postpositivi.
679 396 769 458 Cuius
789 396 920 473 ligurae?
939 398 944 479 1
966 398 1121 478 Simplicis.
1165 399 1259 470 Quem
1282 340 1370 460 lrabrll
1391 329 1569 459 aceenlum?

253 498 344 560 ¹llaec
366 506 396 559 et
417 498 489 559 aliae
511 499 587 560 duae
613 498 853 572 coniunctiones,
877 518 910 557 ve
935 499 1100 559 scilicetet
1120 520 1172 571 ne,
1197 509 1266 563 sunt
1287 499 1364 580 apud
1381 500 1503 561 Latinos
1520 500 1568 559 iu-

263 600 430 672 elinativae,
445 618 519 678 quas
539 600 641 659 Graeci
661 594 828 677 ἕγκλιτικάς
843 609 956 661 vocant.
1002 600 1097 662 solent
1113 602 1191 664 enim
1213 620 1284 664 suos
1300 609 1441 663 accentus
1463 601 1494 661 iu
1516 620 1568 661 er·

264 711 386 763 tremam
413 700 554 779 syllabam
574 700 778 781 praecedentis
805 700 942 761 dictionis
964 702 1127 775 remittere,
1155 712 1186 763 ut
1207 704 1358 781 virumque
1388 701 1567 764 sublectisve

263 812 392 864 tantone.
437 801 489 863 sed
505 821 542 862 ne
558 802 730 881 saepissime
747 802 868 863 etiams
891 802 1020 864 abiciens
1035 806 1215 884 apostrophe
1240 812 1372 877 notatur,
1392 822 1450 881 non
1468 803 1590 863 sulumv

262 904 354 965 vocali
377 904 429 963 sed
452 904 538 963 etiam
554 910 736 964 consonante
758 903 973 980 subsequente,
990 913 1022 964 ut
1043 904 1072 963 in
1096 905 1210 966 decimo
1225 906 1410 965 Aeneidos

835 1012 968 1065 tanton
991 1024 1043 1065 me
1066 1006 1218 1066 crimine
1240 1004 1412 1083 dignum?

263 1108 321 1167 Fae
343 1106 538 1185 compositum
555 1105 646 1165 abeo
665 1104 743 1181 quod
766 1112 812 1165 est
828 1122 894 1182 que.
939 1108 1033 1183 dtqrre
1056 1125 1151 1183 neque
1174 1124 1299 1185 quoque.
1330 1125 1386 1165 rrec
1407 1124 1525 1185 quoque
1550 1124 1567 1165 a

262 1227 358 1286 neque
384 1208 491 1266 lactum
515 1214 560 1267 est
582 1225 635 1285 per
654 1224 815 1285 apocopam
842 1214 1037 1267 extremarum
1061 1208 1217 1281 vocalium,
1237 1219 1267 1267 et
1290 1209 1356 1286 quia
1380 1208 1409 1267 in
1429 1209 1487 1267 lme
1507 1206 1568 1284 syl-

263 1309 345 1371 labae
367 1327 386 1386 q
402 1308 491 1369 scribi
513 1326 572 1368 nou
594 1313 723 1386 proterat,
741 1308 874 1369 transivit
889 1309 919 1369 in
936 1328 961 1367 e.
1580 1328 1603 1366 ro

211 1426 245 1475 ‘27
347 1411 443 1471 Cano
470 1428 546 1487 quae
575 1428 643 1489 pars
669 1409 811 1470 orationis
840 1408 908 1470 est?
943 1410 1078 1470 Verbum.
1125 1408 1201 1481 Quid
1230 1419 1276 1470 est
1306 1407 1448 1470 verbum?
1492 1408 1565 1469 Pars

260 1512 401 1573 orationis
419 1522 486 1571 cum
508 1519 640 1590 tempore
661 1519 691 1571 et
709 1510 804 1571 modis
826 1519 856 1571 et
872 1511 1142 1588 significationibus.
1187 1512 1266 1581 Quot
1288 1511 1425 1572 accidunt
1451 1509 1565 1570 verbo?

260 1614 338 1675 lllodi
352 1614 462 1673 lortnae
483 1612 713 1688 signilleationes
736 1611 957 1690 coniugationes
980 1614 1095 1673 numeri
1113 1614 1223 1689 figurae
1244 1622 1393 1691 tempora,
1417 1630 1565 1691 personae

261 1732 376 1793 quoque
403 1715 433 1773 in
466 1713 624 1793 plerisque.
670 1714 760 1773 Culus
788 1721 835 1772 est
865 1712 942 1773 rr'rodi
972 1712 1067 1775 carro?
1098 1714 1258 1774 ludicativi.
1310 1714 1401 1774 Cuius
1429 1710 1566 1771 l'orrnae?

262 1818 421 1877 Perleetae.
442 1858 447 1867 ·
468 1818 562 1885 Quam
589 1814 673 1875 aliam
696 1814 820 1875 lorrnarrr
843 1815 933 1875 babel
956 1814 1011 1875 lroc
1034 1813 1174 1875 verlrum‘l
1203 1815 1467 1891 Frequentativam,
1488 1832 1565 1890 quae
1579 1836 1601 1873 rs

211 1922 245 1973 28
262 1927 310 1979 est
336 1926 422 1979 canto
445 1926 548 1976 cantas
568 1922 674 1975 cantat.
720 1934 736 1975 a
758 1913 921 1993 participiis
944 1916 1019 1977 enirn
1043 1916 1191 1994 praeteriti
1215 1916 1354 1995 temporis
1377 1915 1474 1975 solent
1500 1915 1564 1975 lieri

262 2018 472 2096 frequentativa
494 2016 677 2097 plerumque,
692 2025 724 2076 ut
747 2016 865 2077 babitus
885 2017 985 2077 lrabiln
1010 2016 1124 2077 habitus
1148 2017 1275 2090 habitat,
1299 2017 1428 2095 scriptus
1452 2016 1564 2097 scripte

260 2110 385 2199 scriptas
407 2120 544 2197 scriptat,
573 2126 677 2197 captus
702 2126 788 2197 capto
816 2126 917 2196 captas
940 2126 1054 2198 captat,
1081 2138 1187 2179 cursus
1215 2138 1302 2179 curso
1325 2136 1428 2178 cursus
1452 2126 1563 2191 cursat,

260 2222 390 2282 domitus
413 2220 523 2280 domito
546 2220 672 2279 domitas
692 2217 829 2289 domitat,
859 2218 973 2279 volutus
998 2219 1095 2280 voluto
1119 2221 1232 2282 volutas
1261 2220 1379 2280 volutat.
1425 2218 1491 2278 ideo
1511 2236 1565 2279 au-

259 2333 319 2384 tem
340 2322 465 2383 diximus
488 2321 676 2399 plerumque,
696 2320 762 2395 quia
785 2337 840 2395 ago
859 2320 936 2396 agito
959 2320 1027 2379 lacit
1050 2330 1077 2380 et
1092 2320 1157 2399 lego
1174 2322 1261 2397 legito
1285 2330 1313 2381 et
1333 2340 1425 2380 nosco
1446 2320 1599 2380 nescituro

209 2440 244 2490 29
261 2432 291 2485 et
310 2423 406 2483 scisco
433 2422 577 2482 sciscitor.
623 2421 713 2481 Cuius
735 2426 781 2480 est
801 2418 1050 2504 sigirilicatiorrisll
1067 2422 1161 2483 cano?
1195 2423 1321 2485 delirae.
1367 2420 1447 2482 Cur'l
1488 2420 1563 2491 Quia

260 2505 328 2587 lucit
350 2525 498 2606 passivum
521 2541 620 2584 canor.
666 2521 756 2582 Cuius
779 2530 825 2581 est
853 2522 1085 2599 coniugatiorris‘l
1131 2523 1246 2584 Tertiae
1274 2530 1436 2603 correptae.
1483 2522 1565 2583 Vnde

259 2628 316 2690 lroe
336 2636 448 2689 certum
468 2628 474 2703 Ι
493 2623 560 2686 est?
583 2624 657 2695 Quin
675 2632 705 2683 et
725 2622 817 2701 prima
841 2642 968 2703 persona
990 2633 1058 2684 ante
1080 2646 1096 2685 u
1121 2633 1331 2686 consonantem
1357 2624 1460 2696 babet,
1483 2624 1563 2702 quod

259 2731 290 2791 in
312 2730 398 2790 tertia
416 2728 558 2808 producta
578 2726 639 2810 sive
659 2733 760 2803 quarta
776 2725 981 2802 coniugatione
996 2727 1118 2786 inveniri
1140 2747 1197 2788 non
1223 2735 1334 2806 potest,
1358 2735 1387 2786 et
1408 2725 1485 2804 quud
1503 2743 1562 2786 non

259 2831 354 2892 sulum
380 2831 410 2890 in
438 2829 569 2890 secunda
598 2845 724 2908 persona
747 2827 772 2887 is
795 2826 890 2888 tinalis
919 2829 1090 2908 corripitur,
1120 2848 1194 2888 cano
1218 2828 1315 2901 canis,
1346 2828 1396 2887 sed
1421 2827 1508 2887 etiam
1530 2827 1597 2888 inas

260 2933 365 3012 plurali
392 2950 515 2992 numero
542 2931 572 2990 in
595 2930 690 3009 priura
717 2936 747 2988 ct
767 2927 897 2989 secunda
920 2947 1045 3006 persona
1066 2930 1073 2988 i
1096 2930 1275 3009 paenultima
1298 2929 1464 3008 corripitur.
1508 2929 1563 2988 ita-

260 3052 318 3112 que
345 3032 591 3112 antepaenultima
620 3029 717 3090 iuliis
745 3030 861 3090 acuitur·
888 3030 1038 3108 personis,
1064 3040 1095 3092 ut
1118 3031 1251 3092 canimus
1273 3030 1394 3105 canitis;
1425 3048 1562 3090 necnon

259 3134 450 3214 imperativus
464 3152 581 3212 quoque
594 3141 622 3192 et
640 3131 799 3192 infinitivus
818 3149 834 3189 e
853 3139 1017 3208 correptam
1033 3131 1185 3207 babentes
1201 3133 1276 3192 sicut
1292 3133 1378 3192 etiam
1395 3130 1563 3191 Donatus

259 3237 361 3308 docet,
390 3235 627 3296 manifestissime
656 3232 684 3292 id
711 3233 879 3294 ostendunt.
926 3232 1016 3292 Cuius
1042 3242 1087 3292 est
1113 3232 1249 3294 numeri?
1290 3233 1463 3312 Singularis.
1510 3231 1563 3293 llic
1612 3227 1616 3233 ’

260 3335 414 3416 pluralem.
460 3336 608 3397 Canimus.
653 3335 743 3396 Cuius
771 3331 902 3412 figurae?
948 3331 1104 3412 Simplicis.
1150 3336 1207 3396 Fac
1229 3335 1424 3414 compositum
1456 3333 1492 3395 alr
1516 3348 1597 3394 euro

209 3449 244 3500 30
261 3439 388 3500 Succino
412 3438 516 3499 occino
537 3436 671 3496 concino.
716 3436 808 3497 Cuius
826 3442 873 3495 est
895 3433 1055 3514 temporis?
1078 3436 1254 3497 Praesentis.
1300 3437 1353 3496 llic
1372 3436 1562 3515 praeteritum

259 3542 432 3620 perlectum.
479 3538 587 3600 Ceoini.
633 3535 711 3598 Cur?
756 3537 830 3607 Quia
866 3537 952 3596 rerba
981 3537 1011 3596 iu
1038 3555 1077 3598 nu
1110 3538 1289 3612 desinentia,
1322 3539 1347 3598 si
1377 3537 1480 3599 tertiae
1504 3537 1563 3598 sint

260 3641 492 3720 coniugationis,
509 3641 539 3699 in
555 3639 579 3698 vi
595 3639 706 3699 iaciunt
719 3639 924 3719 praeteritum,
942 3645 974 3698 ut
988 3647 1089 3698 sterno
1106 3640 1208 3716 stravi,
1225 3658 1315 3700 eerno
1335 3638 1428 3713 crevi,
1452 3615 1561 3718 sperula

259 3743 372 3821 sprevi,
399 3740 460 3802 lino
483 3741 547 3801 levi.
594 3759 672 3820 pono
700 3757 818 3818 qunque
845 3739 957 3816 antiqui
986 3740 1077 3818 posivi
1103 3743 1263 3808 secundum
1291 3741 1455 3818 analogiam
1482 3739 1562 3799 ‹lice-

258 3845 344 3916 bant,
371 3843 449 3922 quod
471 3861 551 3902 nunc
573 3841 658 3922 posui
681 3841 814 3902 dicimus.
861 3859 934 3902 cano
957 3849 1054 3903 autem
1078 3843 1144 3902 ideo
1171 3842 1263 3902 cecini
1286 3843 1436 3913 dixerunt,
1462 3860 1514 3914 ne,
1537 3841 1561 3901 si
1571 3863 1596 3902 :rs

260 3947 321 4005 cavi
344 3945 509 4031 secundum
529 3943 694 4022 analogiam
714 3942 861 4016 dicerent,
887 3961 946 4002 non
970 3962 1079 4004 acano
1102 3944 1183 4005 nasci
1206 3944 1369 4020 videretur,
1392 3943 1442 4004 sed
1468 3943 1504 4002 alr
1527 3961 1562 4002 eo

331 4199 515 4266 lsuppositiui
535 4199 556 4248 C
636 4199 652 4246 2
670 4197 861 4247 coniunctiones
880 4207 941 4262 aput
958 4197 1049 4247 latinos
1067 4207 1126 4248 srrrrt
1146 4197 1164 4246 G
1252 4197 1267 4248 3
1287 4199 1312 4247 in
1333 4206 1447 4248 extrema
1465 4197 1564 4262 syllaba

162 4267 208 4328 ,’
260 4269 301 4322 OS
370 4272 511 4320 brantune
531 4268 570 4318 CS
639 4267 812 4316 diedecima
832 4267 970 4330 Aeneidos]
989 4268 1079 4319 cutm
1151 4271 1288 4318 ltonme
1307 4268 1412 4317 crimine
1431 4267 1563 4316 drreisS:

260 4342 367 4407 dignum
383 4349 444 4401 post
461 4339 565 4387 crimine
585 4337 646 4386 odd.
667 4353 681 4386 r
775 4335 807 4385 10
825 4347 908 4401 potest
927 4353 996 4388 corr.
1014 4347 1114 4402 poterat
1133 4337 1154 4386 S
1171 4337 1300 4403 putoritG
1390 4338 1479 4386 treusit
1492 4352 1562 4389 eor-r.

260 4410 378 4460 trunsinit
396 4408 417 4457 S
469 4408 500 4459 16
518 4417 614 4456 cantas.
634 4408 659 4453 Δ
677 4406 745 4454 uude
762 4407 845 4455 solent
864 4408 934 4457 irasci
954 4407 1150 4468 frequentantium.
1170 4405 1205 4454 M
1222 4407 1403 4471 Plerumqnen
1422 4407 1564 4472 participiis

256 4477 369 4545 ‘praeteri
389 4479 510 4542 temporis
529 4486 557 4526 ut
574 4484 664 4525 cantus
679 4486 753 4524 cnuto
771 4486 860 4525 cantas
881 4475 983 4526 lrubltus
1002 4477 1023 4524 S
1109 4477 1141 4528 18
1158 4484 1248 4541 eaptus
1261 4501 1292 4530 -r
1308 4485 1392 4541 captat
1409 4490 1455 4524 ura.
1475 4475 1496 4525 0

257 4550 287 4599 21
310 4549 391 4598 scisco
407 4548 509 4598 sciscito
527 4549 588 4598 CS:
606 4545 641 4608 cs.
659 4547 731 4608 iufra
748 4560 775 4607 p.
800 4545 904 4596 1283?
971 4545 1167 4596 evacuemus
1236 4546 1270 4596 28
1289 4547 1406 4595 Dorrotrrs
1423 4545 1455 4594 de
1473 4545 1564 4594 diatim

256 4622 338 4668 alioue
356 4619 551 4682 eoniuputr'ouurrr
563 4616 673 4665 breuiter
686 4616 753 4666 dixit
767 4630 795 4676 p.
811 4617 891 4674 Πῦὸς
907 4617 1034 4676 copiosius
1053 4633 1084 4666 cu
1101 4618 1179 4666 dere
1196 4619 1338 4680 expositum
1356 4624 1395 4666 ert
1412 4617 1437 4664 ia
1454 4614 1566 4665 editione

256 4692 352 4739 viduare
421 4689 456 4738 29
472 4685 634 4736 manifestius
650 4685 671 4733 S
738 4685 773 4735 34
790 4684 842 4734 leui
857 4683 878 4733 S
896 4685 968 4734 lirriui
987 4685 1008 4734 0
