3400 5325
441 823 619 919 truta
662 821 919 919 TERTIVS
965 822 1230 922 nactura.

238 1175 320 1247 psssu.
337 1194 363 1235 at
377 1192 402 1234 Ρ.
716 1248 765 1309 DE
789 1248 942 1310 CASIBVS
1267 1209 1287 1251 p.
1302 1197 1347 1237 nsit.
1363 1196 1388 1237 to
1402 1197 1430 1239 ιι.

273 1384 365 1445 Casus
387 1400 505 1463 quoque
525 1382 631 1443 accidit
651 1382 889 1463 pronominibus,
911 1383 1157 1462 quemadmodum
1180 1384 1355 1447 nominibus.
1503 1398 1548 1449 11

270 1484 308 1545 Et
333 1484 428 1564 prima
451 1468 569 1562 quidem
594 1504 722 1564 persona
749 1494 778 1543 rt
803 1484 887 1545 tertia
907 1484 974 1563 pius
997 1484 1126 1563 quinque
1153 1484 1270 1546 casibus
1292 1486 1400 1547 habere
1424 1506 1483 1566 non

186 1596 326 1667 possunt,
352 1586 461 1666 quippe
488 1603 554 1645 cum
573 1586 722 1646 vocativus
748 1585 777 1645 in
799 1586 842 1644 eis
861 1585 941 1645 nullo
962 1585 1049 1647 modo
1071 1586 1164 1665 possit
1186 1587 1323 1663 inveniri,
1346 1588 1394 1666 qui
1418 1608 1485 1667 pro-

158 1689 268 1769 ⁵pn'us
288 1694 333 1747 est
360 1686 523 1759 secundae,
545 1704 620 1765 qnae
648 1685 711 1747 sola
733 1685 845 1747 habens
866 1686 1027 1746 vocativum
1050 1705 1100 1747 ser
1128 1706 1214 1749 rasus
1239 1697 1336 1767 potest
1367 1689 1485 1763 habere,

188 1789 298 1849 seilicet
320 1788 355 1849 ad
379 1804 465 1866 quam
487 1805 585 1847 sermo
606 1795 704 1847 reatus
727 1786 868 1865 dirigitur.
914 1786 991 1847 unde
1008 1787 1126 1849 nomina
1149 1806 1265 1867 quoque
1284 1799 1312 1851 et
1335 1790 1485 1871 participia

188 1891 217 1949 in
244 1891 372 1950 vocativo
397 1908 467 1949 nasu
494 1888 641 1950 sectandae
666 1896 735 1948 sunt
756 1907 900 1967 personae
923 1888 985 1948 sine
1008 1888 1096 1949 dubio
1124 1874 1281 1951 et'flnitae.
1325 1892 1422 1971 itaque
1444 1900 1487 1951 et·
1520 1950 1524 1959 ,

188 1991 244 2051 iarn
269 1992 300 2051 in
327 1990 507 2071 appellativis
533 1988 700 2049 nominibus
727 1989 792 2071 ipsa
811 1990 1060 2051 demonstratione
1084 1990 1230 2051 secundae
1252 2010 1396 2071 personae
1419 2011 1487 2071 pro-

189 2093 319 2171 priorum
342 2092 408 2153 ioco
433 2092 514 2169 fungi
543 2089 677 2151 videntur
695 2091 724 2151 in
747 2110 783 2151 eo
804 2110 890 2167 casu,
919 2100 951 2153 ut
974 2092 999 2151 si
1020 2090 1115 2153 dicam
1134 2093 1371 2170 ‘grammatice',
1394 2094 1487 2155 neuri-

145 2221 175 2261 ιο
188 2213 255 2254 nenr
284 2193 372 2254 alium
401 2192 533 2271 significo
562 2191 619 2252 nisi
641 2210 708 2253 euni
733 2191 770 2252 ad
799 2210 885 2270 quem
907 2192 1020 2271 loquor.
1065 2193 1090 2253 si
1112 2192 1201 2272 igitur
1218 2194 1247 2255 in
1268 2194 1324 2255 illis
1344 2194 1486 2275 partibus,

187 2314 262 2373 qnae
287 2296 389 2355 tertiae
409 2301 479 2354 sunt
501 2293 672 2373 pierrmrque
695 2311 854 2373 personae,
878 2302 957 2353 tanta
985 2292 1026 2355 vis
1049 2300 1093 2353 est
1114 2294 1249 2371 vocativi,
1279 2304 1310 2355 ut
1332 2296 1488 2356 transierat

162 2396 252 2456 'idas
274 2396 310 2456 ad
334 2394 494 2457 secundam
517 2413 691 2474 personam,
720 2394 868 2473 quomodo
891 2394 919 2455 in
942 2395 1133 2475 pronomine,
1160 2396 1237 2474 quod
1260 2405 1353 2457 toturn
1374 2406 1419 2457 est
1441 2416 1485 2459 se·

187 2497 301 2557 mindae
328 2515 487 2576 personae,
516 2496 564 2556 hic
592 2495 708 2556 deficiat
735 2515 821 2557 casus
853 2496 895 2556 vel
925 2496 961 2557 ad
989 2496 1074 2557 aliam
1101 2498 1294 2559 transferatur
1319 2518 1486 2580 personam,

153 2600 168 2615 ⁵
187 2618 255 2659 cum
278 2598 357 2659 nulla
381 2598 436 2659 alia
463 2617 532 2680 pars
555 2597 599 2659 sio
622 2596 770 2658 discernat
791 2597 879 2657 trium
904 2616 1096 2678 personarum
1119 2598 1315 2674 differentias,
1341 2600 1487 2680 quomodo

148 2729 174 2768 η
187 2699 372 2781 pronomen?
420 2701 532 2781 primae
556 2718 673 2778 quoqne
700 2719 845 2781 personae
875 2699 1091 2780 possessivum,
1120 2701 1198 2780 quod
1216 2701 1310 2764 solum
1331 2705 1417 2764 etiam
1439 2689 1520 2768 sena

188 2803 302 2864 rundae
323 2811 422 2882 potest
448 2803 566 2881 adiungi
587 2821 746 2883 personae,
778 2801 855 2862 sicut
879 2801 1097 2882 supradictum
1123 2811 1182 2878 est,
1210 2804 1298 2865 habet
1315 2804 1487 2878 vocativum,

187 2923 247 2964 non
269 2904 467 2984 possessoris,
491 2904 540 2984 qui
564 2903 655 2964 estin
677 2904 769 2984 prima
793 2921 935 2984 persona,
959 2922 1032 2982 quae
1058 2903 1234 2964 intrinsecus
1257 2905 1419 2966 secundum
1439 2925 1489 2986 ge-

187 3006 317 3067 nativum
339 3005 517 3084 intellegitur
535 3004 686 3086 primitivi,
706 3002 711 3086 Ι
731 3005 784 3066 sed
806 3003 1020 3084 possessionis,
1049 3023 1124 3082 quae
1145 3023 1210 3065 cnm
1234 3005 1414 3068 extrinsecus
1439 3006 1489 3066 da·
1547 2995 1550 3001 ’

188 3105 329 3182 clinatur,
357 3107 519 3168 vocativum
542 3124 659 3186 quoque
681 3114 802 3187 propter
823 3105 982 3166 secundam
1005 3107 1128 3168 assumit
1157 3125 1329 3186 personant,
1362 3127 1428 3168 cum
1452 3109 1488 3170 ad

146 3227 253 3276 neam
276 3209 426 3286 dirigatur.
442 3205 457 3293 ΙΙ
491 3209 695 3270 Terentius
716 3208 747 3268 in
769 3207 920 3268 Andria:

745 3312 882 3390 †pater
903 3309 956 3370 mi.

187 3411 266 3472 idem
289 3411 320 3471 in
340 3411 528 3473 eunucho:

746 3535 764 3570 u
786 3531 863 3572 rnen
883 3520 931 3572 tn.

188 3615 218 3675 in
238 3613 359 3675 eoderrn

148 3742 176 3780 aa
881 3717 1023 3790 o†mea
1055 3713 1186 3788 Thais,

341 3815 455 3877 Mearm
478 3816 630 3876 sarium.

258 3987 277 4034 2
301 3985 515 4046 quemadmodum
536 4001 570 4034 ex
594 3985 817 4049 quemammodum
839 3997 909 4036 eurr.
935 3981 962 4034 K
992 3983 1213 4048 quemammodum
1238 3984 1263 4034 L
1354 3985 1370 4033 5
1395 3983 1488 4034 habere

190 4053 318 4120 potestB
375 4055 628 4121 ddtrigitnrsarmo
652 4055 787 4132 rectusd
846 4054 1184 4104 nomenniomen
1240 4067 1364 4119 personae
1390 4055 1489 4104 suntG

261 4165 286 4206 et
307 4157 420 4224 infinitae
437 4158 477 4209 nr
564 4158 598 4209 10
620 4158 646 4206 in
666 4134 724 4221 ditis
742 4156 772 4208 K
860 4157 889 4207 il
926 4155 1072 4221 transierat]
1093 4157 1112 4206 d
1134 4156 1255 4208 tranferat
1273 4158 1298 4206 1)
1385 4157 1419 4208 ta
1430 4166 1492 4222 post

936 4235 946 4262 s

189 4275 294 4326 dedeiat
310 4279 402 4327 tamma
420 4279 493 4328 trium
509 4277 568 4342 sere
585 4280 622 4331 tn.
641 4292 730 4340 rupuar
746 4281 771 4328 r'a
786 4277 810 4326 1,
882 4277 1035 4328 tranferatur
1052 4277 1083 4326 H
1155 4277 1185 4326 17
1199 4291 1309 4342 persona
1326 4291 1373 4330 orn.
1394 4277 1423 4326 K

188 4342 516 4412 genetivndeganetiui
534 4349 559 4397 Ι)
592 4395 596 4400 Α
628 4347 661 4399 19
678 4347 789 4396 adsumit
807 4347 832 4396 B
901 4347 936 4398 20
956 4347 1011 4396 Tar.
1029 4347 1112 4396 Andr.
1133 4347 1153 4393 V
1172 4347 1196 4402 3,
1217 4345 1248 4394 18
1265 4353 1291 4394 et
1310 4345 1342 4396 19
1360 4348 1395 4396 mi
1413 4355 1491 4412 pater

188 4415 342 4480 (adetpd.V
363 4417 420 4475 aa
437 4419 574 4482 paterini)
591 4418 625 4482 es.
645 4417 775 4466 uoxvn
794 4417 810 4477 S
830 4416 880 4466 109
958 4417 984 4465 in
1010 4418 1107 4466 Andria
1129 4431 1174 4464 om.
1196 4415 1217 4464 u
1303 4417 1335 4466 21
1361 4425 1434 4481 pater
1455 4413 1489 4466 'mi

188 4499 236 4534 ona.
252 4486 277 4534 Δ
346 4487 380 4536 22
402 4485 461 4536 Ter.
480 4503 535 4538 eun.
553 4487 645 4552 11113,
663 4490 697 4537 22
717 4501 773 4535 men
789 4495 815 4535 tu
834 4487 868 4542 rs.
887 4488 929 4538 lid.
950 4485 998 4535 xn
1017 4490 1033 4548 s
1055 4487 1086 4536 10
1161 4484 1277 4534 ennoaho
1297 4485 1319 4535 G
1338 4487 1446 4536 innoelro
1466 4485 1492 4539 K

259 4557 294 4606 24
314 4553 374 4604 Ter.
394 4571 449 4606 eun.
472 4557 644 4620 1112,2ιᾳ.
734 4556 824 4606 eadem
844 4555 869 4606 li
954 4557 988 4606 25
1007 4555 1113 4604 eihais
1131 4567 1186 4602 mea
1208 4550 1340 4604 Terentius
1427 4557 1491 4608 200

188 4624 340 4742 meumdldg
407 4623 518 4689 savium]
539 4625 654 4674 Ileidetd.
680 4633 746 4676 teate
763 4625 841 4676 anu.
861 4640 914 4676 curn
939 4623 997 4674 Ter.
1017 4625 1102 4674 Barnd.
1122 4624 1220 4672 salvium
1239 4623 1416 4676 nanuum(
1434 4639 1491 4676 ana·

188 4708 263 4744 urum
340 4710 380 4744 aa.

244 4795 452 4841 onannnrmr
473 4797 585 4842 narrar
609 4797 659 4840 ιιι.
1274 4781 1287 4844 l
1390 4767 1391 4770 ¹
