3400 5325
383 1197 409 1251 R
433 1194 531 1252 codex
553 1194 710 1253 Parisinus
730 1202 800 1255 7496

391 1298 417 1353 V
434 1294 532 1354 codex
555 1294 716 1354 Leidensis
738 1294 908 1353 Vossianus
935 1300 1008 1356 128
1028 1332 1032 1337 =·

382 1401 410 1454 P
431 1395 530 1458 codex
551 1396 709 1454 Parisinus
729 1404 800 1457 7530

383 1503 409 1556 A
431 1497 530 1556 codex
551 1497 710 1555 Parisinus
732 1506 800 1561 7501

433 1621 453 1675 o
476 1598 613 1657 eiusdem
635 1598 747 1657 codicis
765 1617 872 1656 manns
895 1597 1031 1656 secunda

384 1706 415 1759 B·
434 1701 533 1784 codex
553 1700 721 1759 Vaticanus
745 1698 951 1757 bibliothecae
974 1698 1157 1775 Reginensis
1183 1706 1249 1761 1709

386 1806 409 1861 S
433 1801 531 1861 codex
553 1801 716 1860 Leidensis
740 1796 908 1860 Vossianus
928 1808 1002 1863 33.4

385 1908 403 1961 11
434 1904 635 1979 Hermogenis
659 1910 929 1981 progymnasmata

387 2004 582 2073 reditiones
605 2004 807 2081 interpolatae
832 2002 882 2061 vol
905 2022 1008 2061 omnes
1032 2002 1082 2059 voi
1110 2002 1231 2081 pluras,
1261 1998 1410 2080 equibus
1440 1994 1526 2055 adhi-

373 2187 376 2189 v
521 2105 605 2163 bitae
630 2114 701 2164 suni
722 2106 792 2177 hae,

438 2204 532 2263 editio
550 2207 692 2285 princeps
716 2202 867 2287 (Veneta)
892 2226 919 2265 a.
939 2214 1005 2268 1170

438 2306 531 2364 editio
552 2308 671 2366 Veneta
694 2328 721 2365 a.
747 2315 833 2370 1472·

438 2407 533 2466 editio
556 2409 678 2467 Veneta
700 2428 728 2468 a.
753 2418 821 2473 1197

437 2508 531 2566 editio
554 2509 745 2569 Ascensiana
767 2510 893 2567 Parisiis
917 2530 944 2567 a.
972 2520 1038 2573 1516

439 2609 533 2669 editio
553 2610 671 2670 Aldina
689 2612 829 2671 Venetiis
854 2630 881 2670 a.
906 2620 972 2675 1517

320 2712 370 2769 Ex
392 2711 439 2770 his
463 2712 688 2789 exemplaribus
711 2715 741 2771 in
764 2713 902 2772 omnibns
923 2713 1019 2773 tribus
1035 2696 1186 2772 Prisciani
1201 2711 1287 2772 libris
1305 2711 1444 2771 adhibita
1459 2721 1530 2770 sunt

235 2816 326 2884 an,
349 2814 380 2871 in
399 2813 486 2872 libris
509 2813 547 2872 de
570 2815 675 2890 figuris
697 2807 889 2902 numerorp'm
912 2823 942 2873 et
965 2814 1003 2874 do
1032 2815 1134 2874 metris
1156 2813 1296 2873 Terentii
1317 2819 1356 2886 A,
1385 2815 1415 2872 in
1430 2811 1529 2872 'libris

236 2914 275 2972 de
296 2914 401 2990 figuris
424 2935 616 2973 numerorum
639 2923 670 2973 et
693 2914 731 2973 de
756 2915 1081 2994 praeexercitamsmis
1103 2917 1263 2976 rhetoricis
1283 2921 1321 2990 P,
1346 2917 1376 2973 in
1393 2914 1471 2973 libro
1490 2913 1528 2973 de

237 3016 562 3092 praeexercitamentis
584 3016 745 3074 rhetoricis
767 3019 790 3073 S
809 3025 840 3074 et
862 3020 891 3077 lr.
923 3026 1084 3095 praetcrea
1107 3037 1145 3076 cx
1169 3019 1242 3075 Sin
1264 3017 1341 3075 libro
1365 3016 1403 3076 da
1425 3017 1529 3094 figuris

236 3137 428 3175 numerorum
448 3117 555 3195 paucis
576 3117 653 3176 locis
676 3115 882 3195 discrepantia
905 3120 1073 3196 scripturae
1095 3118 1251 3196 adscripta
1272 3128 1327 3178 est.
1372 3181 1374 3186 ,
