3400 5325
237 218 451 281 lustratam
476 217 524 278 ne
547 218 693 279 NOMINE
717 218 767 279 tv
786 217 1010 279 Pannonius
1035 217 1085 278 ET
1108 216 1243 279 VERBO.
1266 226 1377 283 ata—45
1415 216 1475 279 451

237 346 260 387 p.
271 334 328 375 rari.
344 333 402 375 aar.
1319 346 1341 385 ,a
1352 332 1427 373 eran.
1445 350 1446 359 ι

186 404 284 465 dicere
311 412 341 465 et
361 403 476 465 similia.
521 404 645 465 eandem
667 413 764 465 autem
797 403 887 464 babet
911 403 1137 465 declinationem
1158 403 1348 483 praeteritum
1371 403 1480 483 imper·
1496 408 1528 457 tl

186 506 295 565 lectum
321 505 352 566 in
381 506 460 567 omni
487 505 708 584 coniugatione,
737 522 824 583 quam
850 505 940 566 babet
960 506 1071 585 primae
1099 504 1315 584 coniugationis
1338 523 1480 585 praesens

188 614 318 686 tempus,
345 614 375 666 et
396 607 493 668 ornnia
518 626 595 686 quae
614 602 619 688 Ι
640 606 667 666 iu
693 625 726 667 as
749 607 909 668 secundam
932 625 1088 686 personam
1114 606 1239 679 iaciunt,
1270 607 1481 684 cuiuscumque

186 709 247 771 sint
266 710 408 788 temporis
424 708 469 769 vel
486 709 566 769 modi
588 709 633 768 vel
654 708 881 787 coniugationis,
905 708 1038 769 similiter
1055 707 1251 779 declinantur,
1273 717 1305 770 ut
1320 726 1386 769 amo
1401 726 1480 768 amas

152 818 266 879 sanat
286 828 418 871 amamus
441 809 546 871 amatis
567 819 681 883 amant,
711 809 843 870 amabam
867 809 985 869 amabas
1008 810 1125 871 artabat
1147 808 1317 871 amabamus
1339 807 1481 871 amabatis

187 912 340 985 amabant,
359 930 523 973 amaveram
543 930 693 973 amaveras
715 918 861 971 amaverat
883 930 1084 971 amaveramus
1103 911 1276 973 notaveratis
1297 918 1480 987 amaverant;

186 1012 306 1092 optativi
328 1015 458 1074 intumm
481 1022 510 1074 et
532 1032 673 1093 praesens
691 1011 868 1075 coniunctivi
890 1013 1038 1074 secundae
1057 1013 1160 1073 tertiae
1179 1020 1208 1073 et
1228 1020 1353 1087 quaeriue
1371 1016 1478 1073 com'u—
1497 1015 1530 1063 42

184 1116 325 1188 antiocia,
345 1114 441 1193 legam
462 1115 544 1192 legas
565 1114 642 1193 legat
660 1114 791 1193 legamus
813 1113 917 1193 legatis
937 1114 1044 1193 legant
1074 1116 1103 1176 in
1126 1134 1159 1177 es
1179 1133 1295 1193 quoque
1317 1114 1480 1175 desinentia

186 1215 217 1274 iu
240 1216 369 1276 secunda
391 1234 532 1295 persona,
556 1217 768 1295 cuiuscumque
789 1216 848 1276 sint
869 1216 1010 1293 temporis
1031 1216 1076 1277 vel
1093 1217 1170 1277 modi
1191 1215 1236 1277 vel
1258 1216 1481 1294 coniugationis,

154 1316 350 1377 insonandum
370 1336 511 1395 praesens
534 1325 649 1398 tenipus
668 1317 813 1378 indicativi
830 1314 909 1376 modi
932 1317 1078 1378 secundae
1099 1317 1311 1395 coniugationis
1333 1316 1482 1377 declinan-

188 1426 251 1490 tur,
273 1426 306 1479 ut
320 1418 412 1479 doceo
435 1419 523 1480 doces
545 1419 631 1479 docet
651 1419 792 1480 docemus
813 1418 926 1479 docetis
948 1418 1069 1493 docent,
1090 1438 1216 1479 amarem
1236 1438 1350 1479 amaros
1371 1427 1483 1479 amaret

188 1538 354 1581 amaremus
382 1520 518 1581 amaretis
552 1527 698 1594 amarent,
733 1538 828 1579 amem
857 1538 938 1580 avrves
969 1529 1046 1580 amet
1076 1538 1208 1582 amemus
1236 1521 1340 1581 ametis
1373 1528 1480 1593 ament,

187 1620 316 1699 legerem
337 1620 452 1698 legeres
475 1622 585 1701 legeret
605 1623 770 1699 legeremus
791 1621 928 1700 legeretis
951 1622 1090 1699 legerent
1134 1621 1165 1682 in
1187 1622 1213 1682 is
1236 1642 1303 1683 vero
1327 1621 1478 1683 terminata
1497 1625 1531 1677 43

188 1723 317 1783 secunda
337 1742 465 1803 persona
487 1723 590 1784 tertiae
612 1723 826 1801 coniugationis
846 1722 1088 1793 declinationem,
1113 1741 1198 1801 quam
1215 1724 1324 1813 babent
1345 1726 1374 1785 in
1397 1743 1482 1805 prae·

101 1864 106 1872 ⁴
155 1824 265 1885 raseoti
293 1833 439 1903 tempore,
470 1832 605 1899 servant,
633 1833 664 1886 nt
690 1824 756 1902 lego
785 1824 865 1901 legis.
881 1824 951 1903 legit
972 1823 1097 1901 legimus
1119 1825 1216 1903 legitis
1238 1824 1354 1903 legunt,
1374 1825 1481 1897 ,amabo

187 1925 300 1986 amabis
323 1925 431 1986 amabit
452 1925 615 1987 amabimus
640 1925 773 1986 amabitis
800 1926 954 2001 armabunt,
983 1926 1095 1987 docebo
1117 1925 1236 1987 docebis
1257 1926 1374 1987 docebit
1395 1926 1482 1989 doce·
1518 1980 1530 2007 ,

187 2025 283 2087 bimus
311 2026 455 2088 docebitis
483 2026 647 2101 docebunt,
676 2027 725 2088 ibo
754 2027 811 2087 ibis
835 2027 889 2087 ibit
917 2028 1024 2089 ibimus
1053 2028 1131 2090 ibitis
1154 2029 1246 2089 ibunt.
1292 2028 1362 2091 illud
1385 2037 1481 2089 autem

188 2128 348 2189 notandam
372 2136 432 2200 est,
456 2128 534 2206 quod
558 2129 587 2189 in
610 2128 801 2189 subiunctivis
825 2129 909 2189 tertia
932 2146 1060 2209 persona
1083 2128 1285 2209 pluralis-non
1308 2129 1451 2190 convertit
1472 2130 1481 2188 i

187 2216 217 2289 in
239 2250 272 2301 u,
296 2237 327 2291 ut
352 2230 508 2291 amaverim
537 2230 581 2289 vel
611 2250 745 2291 amavero
767 2232 909 2291 ornaveris
937 2232 1076 2292 amaverit
1097 2232 1290 2292 amaverimus
1317 2230 1482 2292 amaveritis

152 2331 356 2391 raamaverim.
402 2340 431 2391 et
460 2332 488 2391 in
517 2332 658 2393 anomalis
687 2331 803 2409 quidem
831 2333 873 2393 sis
903 2340 933 2393 ct
953 2332 1025 2393 velis
1048 2341 1104 2394 tam
1127 2332 1223 2394 dualis
1245 2332 1392 2394 secundae
1416 2350 1483 2411 per,

188 2450 278 2492 sonae
300 2450 388 2510 quam
411 2433 589 2513 paenultima
611 2434 722 2513 primae
744 2433 864 2513 pluralis
887 2442 917 2494 et
942 2435 1088 2495 secundae
1110 2434 1218 2513 syllaba
1242 2433 1429 2514 producitur,
1451 2441 1483 2493 nt

188 2533 242 2594 sim
264 2535 305 2596 sis
329 2534 367 2595 sit
388 2534 480 2596 simus
501 2535 566 2595 sitis
586 2534 659 2609 sint,
684 2533 770 2595 velim
789 2536 860 2595 velis
878 2535 945 2595 velit
966 2535 1088 2597 velimus
1109 2535 1201 2597 velitis
1220 2536 1323 2610 velint;
1344 2535 1373 2595 in
1390 2531 1403 2618 b
1418 2534 1482 2595 aliis

188 2654 255 2697 vero
283 2636 441 2697 rarissime.
484 2636 572 2716 igitur
595 2636 692 2698 omma
723 2644 855 2717 tempora
883 2636 913 2698 ia
940 2637 1020 2697 omni
1048 2638 1253 2717 coniugatione
1286 2636 1314 2697 in
1344 2637 1480 2698 omnibus
1497 2643 1530 2693 tt

188 2737 283 2798 modis
310 2737 421 2816 absque
450 2738 622 2818 imperativo
650 2747 680 2798 et
707 2737 819 2815 absque
846 2741 1003 2819 praeterito
1030 2741 1161 2818 perlecto
1184 2738 1338 2800 indicativo
1361 2747 1483 2818 apparet

152 2839 300 2899 astrilavie
321 2839 462 2900 declinari
480 2838 642 2899 sectandum
661 2859 802 2919 praesens
822 2848 939 2919 tempus
957 2841 1042 2901 trium
1066 2839 1312 2918 coniugatioaum.
1347 2849 1377 2898 et
1395 2857 1482 2899 omne

188 2939 305 3018 quidem
334 2941 524 3020 praeteritum
550 2940 754 3020 imperfectum
781 2950 810 3001 et
837 2942 1156 3021 plusquamperfectum
1186 2939 1348 3000 secundum
1370 2940 1481 3020 primae

189 3042 402 3120 coniugationis
435 3062 577 3123 praesens
605 3052 722 3121 tempus
755 3042 952 3114 declinantur,
981 3051 1014 3102 ut
1046 3041 1179 3104 amabam
1213 3041 1332 3102 amabas
1366 3041 1482 3102 amabat

188 3143 358 3204 amabamus
386 3143 528 3205 amabatis
555 3144 707 3218 amabant,
736 3163 899 3206 amaveram
927 3163 1076 3205 amaveras
1105 3149 1252 3204 amaverat
1278 3161 1481 3205 amaveramus

188 3245 361 3306 amaveratis
388 3252 570 3319 amaverant,
599 3246 740 3306 docebam
761 3245 889 3307 docebas
912 3244 1050 3319 docebat,
1072 3245 1233 3305 docueram
1258 3247 1405 3306 docueras
1428 3247 1481 3305 do-

152 3358 307 3420 caruerat,
335 3346 468 3424 legebam
496 3347 615 3426 legebas
642 3347 772 3426 legebat,
797 3347 925 3423 legeram
953 3345 1067 3424 legeras
1096 3345 1220 3422 legerat,
1250 3347 1404 3410 audiebam
1428 3367 1481 3410 au-

187 3448 288 3509 diebas
310 3447 461 3522 audiebat,
484 3448 631 3510 audieram
655 3449 790 3510 audieras
816 3447 957 3508 audierat.
1004 3447 1136 3508 similiter
1157 3448 1305 3510 secundae
1327 3458 1355 3510 et
1375 3450 1477 3510 tertiae
1496 3455 1529 3506 aa

187 3557 217 3610 et
238 3558 358 3630 quartae
385 3549 598 3628 coniugationis
619 3551 749 3610 futurum
775 3549 936 3628 optativum
965 3557 993 3610 et
1021 3569 1162 3634 praesens
1192 3549 1406 3612 subiunctivnm
1435 3569 1481 3610 se·

186 3651 315 3713 cundum
339 3652 452 3731 primae
478 3651 690 3728 coniugationis
716 3651 877 3712 secundam
907 3669 1061 3730 personam
1083 3651 1282 3724 declinantur,
1305 3659 1337 3712 ut
1359 3651 1480 3713 doceam

187 3753 295 3817 doceas
316 3753 435 3827 doceat,
456 3752 551 3831 legam
569 3751 649 3830 legas
672 3753 762 3832 legat,
786 3752 901 3812 audiam
922 3753 1022 3813 audias
1045 3752 1152 3812 audiat.
1199 3733 1481 3814 secundumautem

151 3874 330 3936 mpraeseus
354 3855 503 3916 secundae
527 3854 741 3932 coniugationis
762 3853 947 3915 declinantur
973 3855 1103 3914 loturum
1126 3853 1272 3916 indicativi
1293 3854 1322 3913 in
1345 3854 1428 3914 tortia
1452 3865 1481 3914 et

186 3965 288 4036 quarta
309 3957 529 4034 coniugatione,
554 3965 586 4017 ut
608 3955 703 4034 legam
724 3955 806 4034 leges
828 3955 921 4033 leget,
944 3955 1058 4018 audiam
1079 3955 1181 4016 audies
1204 3954 1318 4028 audiet,
1343 3963 1372 4016 et
1394 3973 1482 4016 omne

187 4055 336 4141 praelsens
360 4067 390 4118 et
417 4057 608 4138 praeteritum
635 4057 840 4137 imperfectum
870 4058 989 4137 optativi
1018 4065 1047 4119 et
1070 4057 1273 4137 imperfectum
1304 4055 1480 4117 subiunctivi

255 4205 453 4263 'leoninuctiui
477 4210 567 4260 tertiae
591 4208 779 4275 coniugationis
802 4218 826 4258 et
851 4217 956 4273 quartae
979 4209 1063 4275 legam
1083 4222 1100 4265 ς
1189 4216 1213 4258 et
1236 4218 1340 4272 quartae
1359 4209 1469 4275 coniuge

185 4282 324 4331 tionisom.
342 4281 375 4339 0,
393 4281 454 4330 arnt
475 4280 536 4328 Aru.
593 4279 625 4327 10
643 4279 771 4329 secvvndae
789 4279 1017 4344 coniugationiss
1053 4278 1179 4329 seeuvvdue
1198 4278 1415 4328 declinationisG

188 4352 220 4401 14
237 4350 348 4400 secunda
367 4364 478 4414 persona
498 4363 515 4405 ς
533 4348 661 4398 secundae
676 4348 837 4413 personan
904 4348 938 4397 '23
958 4349 1036 4412 igitur
1052 4348 1137 4396 omnia
1154 4357 1269 4411 tempora
1287 4347 1312 4396 iu
1332 4349 1400 4397 omui
1420 4363 1481 4399 con·

185 4421 318 4484 ingutione
335 4433 367 4468 na
384 4434 470 4468 annau
489 4433 647 4468 conusrvoua
666 4417 804 4466 indication
816 4427 921 4482 apparet
935 4417 1031 4479 absque
1046 4417 1213 4482 imperatiuus
1226 4415 1305 4480 (corr.
1317 4415 1481 4483 imperatiuo)

185 4491 211 4538 in
229 4489 346 4538 omnibns
364 4487 447 4536 modis
466 4497 490 4537 et
509 4488 606 4549 absque
625 4486 761 4552 praeterito
780 4487 893 4551 perlecto
913 4486 1008 4535 trilaric
1023 4485 1144 4535 declinari
1163 4485 1302 4536 secundum
1319 4501 1441 4551 praeseus
1461 4487 1482 4536 G

185 4559 276 4622 igitur·
289 4557 375 4607 omnin
396 4561 512 4622 ternpore
535 4561 561 4604 in
585 4557 654 4604 anani
672 4556 852 4620 coniugatione
875 4555 1011 4604 indication
1030 4562 1153 4621 apparent
1172 4563 1197 4602 et
1214 4555 1240 4604 in
1260 4556 1378 4606 omnibus
1399 4557 1482 4606 modia
1538 4593 1539 4596 ,

185 4630 282 4692 absque
298 4627 435 4692 praeterito
451 4625 565 4692 perlecto
584 4635 609 4674 et
623 4625 719 4688 absque
736 4625 887 4688 imperfecto
904 4621 1018 4674 trifariae
1036 4623 1213 4674 declinationis
1232 4625 1309 4674 etiam
1329 4639 1483 4692 praesensa

254 4698 289 4748 ⁰29
306 4696 442 4745 docueram
461 4693 587 4744 docueras
604 4693 726 4744 docuerat
744 4709 790 4743 am.
808 4694 835 4749 0,
854 4691 915 4742 add.
936 4704 953 4749 ς

1220 4775 1284 4838 aa*
