3400 5325
325 1046 615 1145 l‘RlSCldNVS
645 1048 1006 1206 emundatum
1039 1048 1321 1145 stantuna.

720 1274 923 1283 uum——

227 1394 249 1433 p.
267 1381 322 1423 1313.
333 1383 358 1421 ll
372 1382 395 1422 l’.
1257 1398 1279 1437 p.
1294 1386 1373 1425 3111.Βῖ
1389 1386 1415 1426 Κ.

262 1468 349 1529 Omni
369 1478 413 1543 te,
445 1472 633 1549 Spumacbe,
659 1473 818 1533 nobilitatis
840 1472 998 1553 splendore
1021 1472 1213 1544 celebratum,
1244 1474 1322 1533 ornni
1346 1482 1466 1535 naturae
1486 1485 1497 1533 1

175 1589 297 1629 intruere
318 1580 532 1649 praestantem,
556 1574 636 1633 onim
655 1574 768 1635 virtutis
789 1574 855 1633 loce
871 1573 1046 1650 fulgentem,
1070 1573 1174 1632 studiis
1190 1573 1276 1632 etiam
1293 1574 1465 1653 optimarum

175 1670 279 1730 artium
303 1671 580 1751 disciplinarumque
607 1675 759 1734 florentem
787 1674 1005 1750 iustissimeque
1032 1692 1175 1752 prospera
1198 1675 1330 1736 fortunae
1356 1676 1466 1735 meritis

151 1772 249 1832 svitae
271 1772 444 1851 probantem
468 1776 542 1834 lama
566 1775 682 1851 (pridem
706 1784 791 1836 antea
811 1776 897 1835 nobis
928 1774 1077 1835 absentem
1107 1774 1299 1834 venerabilem
1326 1776 1466 1851 iaciebat3

176 1892 253 1933 nunc
275 1884 370 1933 autem
393 1883 578 1953 praesentem
598 1877 703 1937 raritas
725 1894 949 1955 supergressum
969 1876 1070 1934 laudes
1088 1875 1312 1955 praedicationis
1329 1878 1464 1937 ostendit.

174 1975 383 2035 mediocritatis
406 1977 482 2036 enim
506 1976 681 2051 altissimae,
718 1997 773 2057 qua
802 1978 957 2056 superbiae
984 1976 1080 2035 (taleas
1110 1984 1254 2049 tumores,
1294 1985 1322 2036 et
1349 1978 1496 2055 pietatisu

175 2076 356 2154 ponderibus
374 2078 553 2155 gravissimis
576 2098 698 2157 superas
726 2080 832 2139 omnia.
878 2080 975 2157 itaque
997 2078 1156 2156 gloriosum
1180 2078 1250 2137 mibi
1267 2074 1398 2159 creldcns
1414 2078 1465 2137 ali-

173 2176 242 2252 quid
265 2197 281 2237 a
304 2185 382 2238 tanta
406 2178 579 2238 arrctoritate
601 2180 837 2254 interrogationis
866 2180 987 2251 mermi,
1019 2181 1054 2238 de
1083 2180 1198 2256 figuris,
1235 2179 1310 2238 sicut
1343 2179 1463 2251 iussisti,

141 2296 362 2339 innumerorum
384 2280 512 2339 breviter
539 2280 659 2339 collecta
688 2281 898 2340 demonstrabo
928 2288 957 2339 et
984 2280 1019 2338 de
1047 2282 1175 2340 nummis
1202 2280 1245 2339 vel
1273 2280 1463 2358 ponderibus

173 2387 324 2457 praeterea
342 2381 378 2439 de
393 2381 520 2441 Terentii
539 2382 655 2454 metris,
675 2401 804 2441 necnon
824 2375 909 2441 etiam
927 2380 962 2439 do
978 2380 1284 2459 praeoereitamenris
1300 2383 1464 2455 rhetoricis,

173 2499 248 2557 qrrae
265 2482 366 2540 Graeci
389 2494 644 2560 progymnasmata
666 2493 785 2555 rorant,
809 2482 946 2559 quoniam
967 2482 1134 2560 diligentins
1151 2501 1182 2541 ea
1204 2483 1352 2561 sophistae
1371 2482 1464 2544 iunio-

172 2600 236 2653 res,
270 2601 343 2659 quos
367 2582 533 2660 sequimur,
565 2584 787 2661 aptioribusque
809 2583 1000 2643 divisionibus
1023 2584 1057 2642 ad
1084 2584 1263 2643 exercendos
1285 2584 1404 2643 irrr'oues
1427 2584 1462 2645 ad

173 2702 259 2744 otnne
282 2677 446 2745 rhetoricae
468 2703 561 2762 gertus
584 2686 756 2764 exposuisse
778 2685 946 2746 creduntur.
984 2683 1109 2763 petimus
1125 2677 1212 2760 igitur
1226 2685 1386 2762 sapientem
1404 2685 1464 2744 elo·
1483 2687 1498 2736 3

138 2784 319 2862 rs'qrrentiam
337 2794 466 2851 ‚vestram
488 2787 555 2862 (hac
575 2786 651 2845 eninr
672 2787 812 2864 dignitate
834 2785 904 2845 oilril
929 2787 957 2846 in
984 2786 1101 2846 bomine
1123 2786 1227 2844 melius
1248 2785 1409 2860 oorirrms),
1433 2795 1463 2846 ot

172 2894 200 2945 et
221 2905 276 2946 nos
294 2887 502 2947 huiuscemodi·
517 2887 698 2964 frequentius
720 2886 941 2964 quaestionibus
969 2893 1220 2965 tam-praesentes
1248 2905 1334 2963 quam
1358 2886 1463 2947 alisen-

170 2995 216 3046 tes
239 3005 304 3046 oum
327 2988 464 3047 felicitate
488 2987 647 3048 exerceatis
670 2997 699 3046 et
723 2988 918 3048 Romanorum
940 2987 1115 3065 diligentiam
1138 2995 1300 3048 rostrorum
1324 2988 1360 3048 ad
1384 2999 1462 3048 artos

171 3107 290 3147 suorum
314 3087 484 3148 alacriorem
506 3088 635 3148 reddatis
657 3096 826 3161 auctorum,
851 3089 957 3166 quibus
977 3090 1046 3150 solis
1069 3098 1181 3149 ceteras
1204 3107 1270 3150 cum
1292 3090 1375 3151 Grais
1392 3109 1463 3169 geu-

170 3197 215 3249 tes
237 3208 394 3268 superasse
417 3197 588 3250 noscuntur.
633 3207 755 3266 quarum
780 3190 872 3250 decus
893 3200 922 3251 et
943 3191 1090 3250 munimen
1120 3191 1261 3251 industria
1284 3195 1371 3254 vestri
1395 3194 1462 3254 niti·
1485 3255 1493 3267 ‚

134 3299 219 3350 otor
239 3290 382 3350 culminis.

240 3478 255 3524 2
274 3477 427 3524 celebratum
444 3477 512 3524 oorm
531 3477 553 3525 rt
572 3477 723 3525 celebratum
743 3477 816 3525 oconi
834 3479 862 3526 V
877 3477 1028 3526 celebratum
1041 3478 1118 3526 *soni
1133 3477 1157 3525 Α
1177 3478 1328 3528 celebratum
1348 3495 1377 3526 ac
1393 3481 1461 3528 omui

170 3559 210 3600 ας
280 3546 516 3610 lisupcrgressns
587 3545 682 3594 8mibi
700 3561 746 3594 our.
762 3548 782 3594 11
856 3547 887 3595 to
907 3556 956 3595 tam
976 3548 1118 3611 praesentis
1137 3562 1213 3611 quam
1232 3548 1344 3598 absentis
1367 3551 1393 3602 V

172 3613 203 3663 18
221 3615 356 3663 alacriores
374 3615 452 3665 uVA
523 3616 608 3681 gratis
630 3614 658 3662 V
659 3617 681 3664 A
699 3616 788 3680 gradis
807 3616 832 3694 13
