3400 5325
506 232 556 297 on
583 230 814 298 aecrurrnvs
836 229 960 296 crona.
983 204 1095 300 asc-'ra
1383 228 1445 293 aar

203 348 362 406 praecoca.
1234 347 1393 402 paru-ur.

150 423 346 484 reddideram.
392 421 591 504 [excipiuntur
614 422 712 483 relavo
734 423 851 494 revivo,
875 420 1001 499 quaein
1027 420 1184 502 praeterito
1207 421 1249 480 sic
1271 429 1391 493 exeunt,
1413 427 1446 480 ut

152 524 240 584 relari
262 525 361 584 revixi.
406 535 545 585 secuntur
567 523 653 584 etiam
676 523 806 601 regulam
828 523 1027 602 superiorem,
1049 530 1081 582 ut
1103 521 1200 581 relavo
1223 522 1328 594 relari,
1351 520 1445 581 rerivo

152 623 266 704 revixi]
311 624 454 704 excipitur
476 624 588 700 relavo,
610 624 688 702 quod
710 625 740 684 in
762 625 920 704 praeterito
951 625 1082 703 perfecto
1106 631 1134 682 ot
1157 611 1445 702 plusquamperfecto

152 734 182 786 et
203 745 262 786 uno
283 727 381 786 futuro
404 726 483 786 modi
506 725 681 787 coniunctivi
697 722 710 806 ΙΙ
726 725 752 785 la
772 725 912 804 syllabam
933 724 1049 802 longam
1072 725 1177 798 habet,
1200 723 1228 783 in
1249 723 1355 783 ceteris
1377 741 1445 782 vero

127 827 248 913 omodis
270 835 299 888 et
318 827 500 906 temporibus
514 826 677 901 breviatur,
698 833 730 886 ut
748 825 836 887 relari
855 824 1022 908 relavelram
1038 826 1178 887 relavero.
1210 833 1347 886 notantur
1362 842 1443 884 nam·
1463 825 1496 876 39

153 945 209 1005 que
235 947 311 1006 quae
340 928 369 988 in
399 926 525 1006 simplici
554 929 645 1005 figura
669 938 738 988 sunt
761 929 865 1005 longa,
896 928 960 1004 quia
982 928 1077 1007 ipsam
1099 926 1337 1005 productionem,
1359 943 1444 1002 quam

152 1029 262 1089 babent
291 1030 322 1088 in
352 1028 554 1107 simplicitate,
586 1030 712 1115 retinent
741 1029 772 1088 iu
801 1028 1025 1107 compositione.
1071 1028 1122 1088 sed
1152 1027 1238 1088 etiam
1266 1026 1445 1105 praepositio

152 1131 269 1208 quando
298 1130 484 1209 componitur
511 1148 577 1190 curn
607 1130 736 1207 qualibet
768 1140 853 1210 parte
881 1128 1037 1203 orationis,
1065 1128 1159 1207 qualis
1182 1129 1245 1208 ipsa
1268 1127 1445 1208 praepositio

152 1240 212 1306 est,
234 1231 300 1292 talis
318 1239 452 1291 remanet
472 1230 502 1290 in
525 1232 754 1311 compositione,
778 1240 810 1292 ut
831 1231 943 1292 redimo
965 1231 1103 1290 inhaereo
1127 1229 1274 1290 subverto.

115 1347 143 1386 vo
219 1330 323 1392 Omnia
335 1332 422 1391 rerba
434 1333 582 1392 secundae
597 1333 821 1409 coniugationis,
830 1352 906 1411 quiae
920 1333 949 1393 in
962 1351 994 1394 es
1006 1330 1114 1411 syllaba
1126 1331 1266 1391 tiniarntur
1277 1331 1306 1390 in
1315 1330 1443 1390 secunda
1463 1341 1496 1390 40

154 1433 318 1512 praesentis
336 1434 491 1512 temporis,
512 1433 542 1493 in
560 1432 716 1512 trisyllabis
736 1443 764 1495 et
781 1432 976 1512 tetrasyllabis
996 1431 1140 1493 ueletiam
1162 1428 1349 1510 polysyllabis
1367 1431 1447 1490 inve-

153 1534 282 1599 niuntur.
299 1542 329 1594 et
343 1536 441 1596 omnia
456 1537 485 1596 in
503 1534 682 1614 paenultimo
697 1535 922 1614 corripiuntur,
933 1543 964 1595 ut
979 1535 1071 1596 rubeo
1086 1533 1181 1594 babeo
1197 1533 1307 1593 misceo
1322 1531 1446 1609 langueo

153 1635 235 1694 iaceo
255 1635 346 1714 rigeo.
371 1637 422 1697 sed
435 1655 490 1716 per
503 1647 618 1696 ceteros
633 1638 736 1698 modos
748 1636 917 1715 superiores
933 1636 1082 1707 formulas,
1101 1653 1174 1712 quas
1195 1633 1225 1693 in
1241 1634 1334 1712 prima
1346 1633 1447 1694 coniu-

153 1737 271 1814 gatione
288 1737 528 1816 subscripsimus,
548 1745 696 1799 secuntur.
718 1744 857 1797 notantur
869 1739 941 1797 baec
960 1756 1034 1815 quae
1047 1735 1076 1795 in
1094 1734 1253 1814 praeterito
1270 1735 1401 1814 perfecto
1418 1741 1447 1793 et

115 1852 145 1892 aa
156 1837 445 1917 plusquamperfecto
457 1839 529 1899 etin
544 1857 603 1898 uno
615 1839 713 1898 futuro
728 1839 806 1899 modi
820 1838 996 1899 coniunctivi
1010 1835 1213 1918 producuntur
1224 1843 1253 1896 et
1264 1835 1293 1894 in
1307 1833 1447 1914 simplici·

155 1946 213 1998 tate
224 1947 254 1998 et
266 1939 297 1998 in
312 1940 533 2018 compositione,
552 1939 582 2000 in
600 1939 706 2000 ceteris
721 1947 818 1999 autem
833 1939 1015 2019 temporibus
1031 1938 1198 1999 breviantur
1214 1937 1266 2010 sic,
1283 1936 1371 1997 sedeo
1384 1936 1445 1996 sedi

154 2039 287 2100 sederam
304 2040 418 2115 sedero,
432 2041 547 2102 resideo
558 2041 655 2101 resedi
667 2040 834 2101 resederam
843 2041 991 2114 resedcro,
1004 2058 1092 2100 careo
1109 2039 1170 2099 ravi
1188 2055 1318 2100 caveram
1333 2057 1472 2124 caveroq

238 2140 331 2202 Verba
354 2143 456 2203 tertiae
480 2142 707 2220 coniugationis,
732 2141 861 2219 quaein
884 2141 1013 2202 secunda
1037 2159 1161 2220 persona
1187 2139 1350 2219 praesentis
1374 2147 1526 2211 tem-val

155 2242 236 2321 poris
256 2241 281 2303 is
305 2243 414 2321 syllaba
437 2243 592 2316 liniuntur,
616 2242 829 2322 corripiuntur,
848 2238 855 2322 l
875 2242 930 2303 nisi
947 2241 1093 2321 positione
1114 2243 1173 2302 siut
1194 2241 1296 2320 longa,
1325 2248 1446 2321 excepto

114 2345 313 2423 ropraeterito
335 2343 506 2423 imperfecto
534 2344 680 2404 indicativi
701 2345 794 2418 modi,
823 2344 874 2404 ubi
897 2362 1014 2423 semper
1034 2343 1211 2422 paenultima
1229 2342 1338 2422 syllaba
1359 2341 1446 2418 longa

153 2445 226 2516 erit,
254 2455 287 2504 ut
315 2446 412 2505 tribuo
439 2445 603 2506 tribuebam
633 2445 720 2506 tribui
748 2445 917 2505 tribueram.
963 2451 1102 2505 notantur
1130 2451 1228 2504 autem
1252 2462 1327 2521 quae
1357 2443 1388 2503 in
1409 2443 1445 2502 iri

84 2585 87 2590 -
154 2544 198 2605 'vel
223 2547 267 2606 evi
295 2555 402 2607 exeunt
423 2547 452 2606 in
475 2547 649 2625 praeterito,
673 2565 748 2624 quae
771 2547 994 2626 productionem
1018 2554 1134 2606 servant
1153 2545 1182 2604 in
1206 2545 1309 2606 eodem
1331 2552 1445 2624 praete·

154 2645 210 2707 rito
236 2649 366 2727 perfecto
395 2647 526 2709 eiusdem
549 2649 643 2722 modi,
671 2657 703 2711 ut
723 2649 809 2729 cupio
832 2647 943 2729 cupivi,
964 2648 1083 2725 quiesco
1106 2639 1215 2724 quievi,
1240 2647 1322 2727 sapio
1345 2645 1448 2726 sapivi:
1463 2664 1497 2713 aa

154 2759 251 2809 cetera
273 2768 340 2810 vero
361 2748 477 2809 brevem
496 2748 551 2810 sibi
572 2751 701 2829 regulam
725 2750 901 2825 (iciendum,
925 2750 980 2809 nisi
1003 2750 1148 2828 positione
1172 2749 1288 2825 longam
1311 2747 1446 2821 babeant,

116 2856 189 2910 aaut
211 2858 367 2911 contemno
393 2852 574 2930 contempsi,
599 2870 670 2929 gero
696 2852 785 2930 gessi.
832 2851 1016 2930 excipiuntur
1040 2851 1126 2923 haec,
1149 2849 1274 2927 quaein
1299 2848 1446 2928 praesenti
1537 2879 1543 2887 ·

155 2960 288 3030 ternpore
309 2962 339 3011 et
358 2952 388 3027 in
410 2953 515 3012 ceteris
530 2953 712 3039 temporibus
734 2953 917 3025 breviantur,
941 2952 970 3013 in
993 2953 1151 3031 praeterito
1165 2952 1295 3031 perfecto
1318 2960 1347 3010 ot
1367 2950 1449 3030 plus-

155 3053 374 3131 quamperfecto
397 3054 428 3113 et
450 3053 480 3112 in
504 3072 562 3114 uno
585 3054 683 3115 futuro
707 3054 787 3115 modi
810 3054 986 3114 coniunctivi
1012 3054 1227 3132 producuntur,
1251 3060 1282 3112 ut
1302 3051 1368 3129 lego
1390 3052 1446 3129 logi
1622 3058 1629 3085 ⁶

153 3152 282 3230 legeram
300 3153 415 3231 legero,
439 3152 532 3236 fallcio
547 3155 604 3214 feci
624 3156 751 3217 feceram
774 3157 887 3232 fecero;
912 3155 1044 3217 similiter
1066 3154 1144 3231 fugio
1166 3140 1225 3233 fugi
1249 3155 1380 3232 fugeram
1403 3154 1448 3214 fu-

154 3272 241 3331 gero,
262 3254 355 3328 fodio,
379 3274 450 3332 ago,
477 3274 552 3316 emo.
596 3255 696 3317 abbis
718 3275 834 3335 quoqne
854 3257 963 3335 regulis
986 3256 1154 3336 discrepant
1174 3257 1232 3317 duo
1248 3255 1349 3331 verba,
1371 3274 1448 3335 qrrae

115 3355 184 3415 aoin
207 3355 364 3434 praeterito
388 3355 556 3417 breviantur
584 3365 614 3418 et
638 3358 668 3417 in
692 3358 838 3436 praesenti
863 3359 1176 3438 producuntur‚‚pono
1198 3367 1227 3418 et
1247 3374 1329 3435 cogo.
1373 3358 1447 3418 dici·
1463 3363 1498 3413 43

152 3456 320 3517 musenim
343 3474 454 3535 repono
479 3456 597 3537 reposui
620 3466 649 3517 et
671 3477 779 3537 recogn
801 3460 928 3539 recoegi.
973 3480 1008 3520 co
1026 3480 1094 3520 vero
1117 3459 1225 3538 syllaba
1247 3459 1276 3520 in
1300 3460 1448 3539 praesenti

153 3558 242 3635 longa
263 3564 293 3617 et
311 3559 341 3617 in
361 3558 519 3637 praeterito
541 3558 637 3619 brevis
660 3568 714 3619 est.
747 3560 882 3621 similitor
904 3580 971 3621 vero
992 3562 1045 3622 alia
1069 3562 1127 3621 duo
1145 3560 1231 3620 verba
1255 3561 1447 3639 excipiuntur,

154 3676 230 3737 quae
246 3668 316 3721 sunt
331 3659 442 3738 primae
463 3659 691 3737 coniugationis,
709 3662 901 3738 nuncetiam,
924 3672 956 3725 ut
973 3664 1139 3742 superiora,
1158 3662 1298 3742 producta
1315 3661 1344 3721 in
1365 3680 1448 3742 prae-

155 3761 232 3821 senti
263 3770 292 3820 et
320 3761 349 3821 in
378 3761 536 3840 praeterito
561 3769 711 3841 correpta,
740 3764 778 3823 do
800 3776 829 3824 et
851 3772 912 3825 sto:
948 3764 1073 3825 dicimus
1099 3762 1176 3825 enim
1203 3764 1294 3823 reddo
1325 3763 1448 3836 reddidi,

118 3872 236 3924 arresto
255 3862 359 3923 restiti.
404 3864 566 3924 notandum
588 3870 633 3923 est
653 3882 795 3943 namque,
811 3866 890 3943 quod
906 3866 1001 3927 omnis
1021 3866 1125 3939 dictio,
1150 3864 1272 3943 quaein
1293 3863 1449 3942 trisyllabis

155 3972 186 4023 ot
208 3964 243 4023 in.
266 3963 373 4035 ceteris
396 3964 581 4043 polysyllabis
605 3973 664 4039 est,
696 3960 972 4045 antepaenultimam
1000 3987 1051 4029 seu
1076 3968 1246 4047 productam
1276 3986 1329 4027 sou
1352 3984 1449 4027 corre-

240 4098 251 4148 l
269 4099 428 4149 reddideram
443 4098 605 4149 reddeblnrus
623 4101 761 4151 reddebitis
775 4102 802 4149 H
888 4102 904 4153 3
925 4092 1050 4169 excipitur
1071 4104 1151 4153 rulaui
1167 4104 1250 4163 reulpri
1270 4103 1338 4166 quod
1358 4102 1379 4151 d

154 4170 170 4218 5
188 4169 336 4217 breuinutur
353 4179 380 4218 ut
397 4170 476 4225 relaui
493 4170 633 4219 relaueram
651 4171 798 4221 relauabitis
813 4172 964 4222 relauabunt
978 4182 1095 4221 notamur
1110 4172 1161 4221 GH
1233 4170 1263 4221 10
1282 4187 1309 4221 os
1327 4171 1448 4221 liniuntur

153 4238 180 4287 in
200 4238 312 4286 secunda
326 4238 425 4303 syllaba
442 4240 584 4303 praesentis
603 4238 656 4289 GH
731 4240 761 4289 l'2
776 4242 938 4295 inveniuntur
955 4252 980 4291 et
999 4242 1083 4291 onr.G
1165 4240 1195 4291 15
1211 4249 1235 4289 et
1252 4241 1449 4308 plusquamper-

154 4308 221 4356 fecto
246 4323 292 4356 om.
311 4308 375 4369 GH,
398 4308 491 4363 adde
582 4308 613 4357 17
632 4324 749 4358 seueram
773 4324 863 4360 cancro
883 4311 940 4361 latro
960 4310 1012 4360 lauf
1030 4312 1140 4361 lauernm
1159 4312 1244 4359 lauero
1262 4312 1312 4359 GH
1332 4325 1448 4360 canoram

154 4391 247 4425 caueto
273 4391 355 4425 uoueo
381 4378 441 4426 uerri
465 4391 586 4427 noueram
612 4392 708 4427 uorrero
731 4379 806 4429 uideo
824 4380 876 4429 uidi
900 4381 1013 4430 uideram
1032 4381 1155 4435 uideres
1246 4379 1275 4430 18
1293 4380 1318 4428 in
1337 4380 1449 4429 secunda

154 4460 265 4513 persona
281 4447 424 4511 praesentis
441 4448 562 4511 temporis
580 4462 626 4497 om.
647 4448 698 4498 GH
758 4449 789 4498 ta
808 4448 969 4501 finiuntursi
989 4452 1012 4498 in
1032 4449 1170 4512 trisyllabis
1188 4450 1229 4499 ucl
1248 4450 1273 4497 in
1290 4449 1448 4515 polisyllabis

154 4514 260 4565 ueniunt
277 4513 478 4580 corripiuntur<
530 4516 564 4565 ²0
582 4516 717 4582 praeterito
737 4518 884 4583 imperfecto
903 4520 1044 4585 praesentis
1060 4518 1179 4583 temporis
1199 4518 1280 4567 ubiH
1330 4520 1362 4569 21
1384 4532 1449 4582 quac

154 4586 181 4633 in
196 4625 203 4635 .
216 4585 261 4632 ui.
277 4584 328 4633 GH
379 4584 414 4635 311
430 4584 594 4649 polysyllabis
606 4601 637 4633 ex
652 4594 709 4633 ante
723 4588 861 4650 penultima
872 4604 917 4637 seu
930 4588 1077 4653 productam
1091 4604 1135 4635 seu
1147 4596 1287 4653 correptam
1304 4588 1407 4637 licenter
1423 4588 1448 4634 in

154 4663 235 4702 metro
251 4652 346 4718 profert
360 4655 459 4719 portica
469 4664 507 4703 est
519 4654 612 4703 llducin
623 4655 652 4706 ll
661 4653 826 4719 polysyllabis
843 4674 907 4720 quae
920 4674 951 4705 ox
964 4657 1162 4721 antepenultima
1175 4673 1221 4707 seu
1237 4659 1385 4722 productam
1404 4671 1450 4705 seu

153 4731 296 4789 correptam
312 4722 405 4772 babent
424 4723 482 4772 licet
495 4723 520 4771 in
540 4732 619 4773 metro
636 4722 746 4787 proferri
763 4726 862 4791 poetica
880 4726 971 4775 lidvrcia
986 4727 1007 4776 G
1024 4728 1189 4791 polysyllabis
1207 4727 1260 4776 exit
1278 4724 1449 4794 antepenulti-
1543 4715 1579 4777 Ι
