3400 5325
224 162 287 227 488
779 163 965 227 pulsuum

275 293 298 334 p.
308 280 410 323 1251-53
419 280 443 321 P.
1312 292 1333 333 p.
1343 280 1433 321 utI-lt
1444 279 1475 321 Κ.

224 352 365 427 dicimes;
386 353 432 412 siu
448 359 545 413 auum
560 369 662 413 amaus
677 350 769 423 illies,
785 370 894 413 nomeu
911 360 965 425 est,
981 352 1059 429 quod
1075 350 1220 429 siguificat
1233 338 1249 411 ὁ
1264 346 1387 429 ἐραστὴς
1401 348 1529 411 ἐκείνου.

159 452 208 507 1²³
227 453 305 514 ende
333 460 363 514 et
389 454 639 533 comparationem
668 452 790 531 accipit,
819 452 963 514 amantior
986 453 1215 539 amantissimus.
1247 452 1395 525 ¹similiter
1417 453 1529 515 timeus

225 554 307 617 illem
341 562 370 616 et
393 555 498 617 timeus
520 556 614 628 illies,
636 554 750 631 leniens
772 554 854 615 illem
883 564 912 615 et
943 554 1058 632 lugiens
1088 553 1182 627 illies,
1205 563 1235 617 ut
1262 554 1466 615 Terentius
1496 554 1528 615 iu

226 656 447 718 Phormione
469 656 638 733 ‘fugiens
659 653 809 717 litiem’.
838 674 956 735 semper
978 666 1075 717 tamen
1099 676 1132 717 ex
1154 656 1308 737 participio
1331 656 1496 735 praesentis
1522 654 1529 739 l

226 743 367 839 temporis
388 766 418 820 ct
441 758 495 819 tria
517 758 659 835 gerundia
680 755 723 817 rel
747 757 938 837 participialia
967 757 1063 818 solent
1091 758 1172 819 nasci
1200 758 1294 819 ablata
1317 778 1332 819 s
1355 766 1384 817 et
1406 753 1552 839 addil}tas
1578 755 1593 769 “
1668 741 1669 755 ’

226 860 255 921 di
283 860 321 921 do
353 860 443 931 darm,
474 868 507 920 et
534 878 637 919 amaus
666 858 782 920 amaudi
808 859 934 921 amando
963 859 1136 933 arnaudum,
1165 858 1322 921 lacrimans
1354 858 1528 921 lacrimandi
1669 841 1670 865 l

228 960 407 1022 lacrimando
440 961 668 1037 lacrimandum,
703 970 730 1022 et
758 947 944 1041 participium
973 960 1061 1021 luteri
1099 962 1245 1041 passivum
1281 959 1480 1021 lacrimandus
1509 978 1528 1019 a

160 1064 211 1118 ur
230 1062 375 1124 lacrimor.
420 1071 584 1125 esttamen
607 1062 839 1135 etiamuomen,
868 1049 884 1120 ὁ
908 1058 1073 1141 δακρυτὲος.
1118 1062 1231 1133 antne
1255 1070 1300 1123 est
1322 1062 1529 1123 declinationis

227 1164 405 1225 lacrimans?
431 1165 555 1225 Tertiae.
592 1164 689 1227 omnia
712 1164 789 1224 euim
812 1161 963 1243 partieipia
984 1164 1147 1241 praesentis
1169 1164 1310 1243 temporis
1333 1164 1435 1225 tertiae
1458 1172 1529 1224 sunt

228 1264 452 1339 declinationis,
481 1274 583 1345 utpote
601 1265 631 1325 iu
658 1264 734 1325 deas
756 1264 919 1325 desinentia
938 1272 1145 1326 consonantes.
1191 1266 1339 1345 praeteriti
1362 1283 1430 1325 rere
1451 1273 1527 1326 tem·
1542 1280 1570 1319 re

228 1367 311 1446 p’oris
333 1376 362 1427 et
382 1367 470 1428 letari
493 1365 646 1446 participia
668 1384 735 1427 carm
758 1366 819 1427 sint
840 1366 975 1441 mobilia,
998 1366 1192 1429 mascelinum
1214 1375 1243 1427 et
1263 1374 1399 1429 uentrem
1420 1386 1530 1429 secen-

229 1468 284 1527 dae
314 1467 423 1529 liabent
449 1467 666 1536 declinationis,
693 1467 864 1529 femininum
892 1487 960 1529 rere
987 1469 1114 1550 primae,
1145 1476 1177 1529 ut
1198 1468 1247 1529 hic
1273 1476 1302 1529 et
1326 1468 1399 1529 haec
1418 1477 1445 1529 et
1468 1469 1527 1529 hoc

230 1568 402 1642 lacrimans,
425 1568 596 1630 lacrimatus
620 1569 768 1630 lacrimare
796 1567 997 1641 lacrimntem,
1022 1570 1218 1633 lacrimandus
1240 1570 1416 1631 lacrimanda
1440 1568 1527 1632 lacri-

229 1671 384 1744 mandum,
405 1671 610 1732 lacrimateres
630 1670 818 1733 lacrimatera
841 1671 1070 1733 lacrimaterem.

165 1780 213 1831 lte
317 1773 453 1835 Classi:
475 1773 613 1853 seperius
627 1772 664 1833 de
686 1774 744 1833 hoc
762 1773 943 1835 sellicienter
966 1774 1162 1835 tractavimus.
1541 1783 1569 1822 ¹⁵

321 1875 396 1946 Qec
415 1893 491 1953 quae
512 1894 580 1955 pars
603 1875 744 1936 orationis
766 1873 833 1935 est?
863 1874 1048 1937 Coniunctio.
1086 1876 1161 1947 (leid
1182 1882 1228 1937 est
1245 1873 1435 1937 coniunctio?
1458 1876 1531 1937 Pars

230 1976 371 2038 orationis
404 1976 564 2037 adnectens
592 1976 792 2054 ordinansque
817 1976 988 2039 sententias.
1034 1976 1114 2049 Quot
1146 1978 1282 2037 accident
1308 1974 1532 2037 coniunctioni?

230 2079 313 2151 Tria,
343 2085 474 2157 potestas
501 2078 574 2138 ordo
602 2080 703 2155 ligera.
747 2078 837 2139 Cadus
865 2087 910 2139 est
940 2076 1121 2159 potestatis?
1165 2073 1392 2161 Copulatirae‚l
1418 2062 1565 2139 ordinis‘

231 2179 424 2259 postpositiri.
466 2188 512 2239 est
534 2187 631 2240 aetem
655 2178 823 2240 encliticuru
846 2190 875 2239 et
897 2180 969 2241 liaeo
991 2188 1019 2241 et
1042 2180 1114 2241 aliae
1141 2180 1215 2239 duae
1238 2180 1472 2251 coniunctiones,
1496 2199 1532 2239 re

231 2290 260 2343 et
280 2300 326 2341 ue.
359 2300 397 2341 ue
411 2288 508 2341 autem
523 2280 599 2341 solet
619 2281 706 2341 etiam
725 2280 837 2341 abiecta
855 2300 871 2341 e
888 2281 1051 2342 encliticam
1069 2283 1124 2341 viru
1142 2280 1310 2360 possidere,
1330 2290 1362 2341 et
1376 2281 1570 2360 ‘Pyrriu‚ao

230 2386 390 2445 tautou'.
413 2400 488 2459 quae
509 2381 654 2455 euclides,
671 2380 700 2441 id
725 2391 847 2459 estque
871 2402 904 2443 re
928 2400 974 2455 ne,
997 2382 1265 2463 praepositionibus
1288 2389 1355 2443 aute
1376 2402 1408 2443 se
1426 2382 1531 2463 positis

232 2501 291 2545 nou
317 2482 433 2560 erigent
460 2491 607 2543 extremae
636 2483 764 2562 syllabae
790 2484 953 2561 fastigium,
983 2491 1015 2545 et
1041 2487 1236 2563 ‘propterque
1265 2481 1375 2556 illem'‚
1400 2485 1532 2545 ‘interro

169 2596 217 2645 lae
233 2584 397 2645 homiues'.
443 2583 535 2653 Ceius
549 2593 595 2643 est
616 2585 727 2663 tigerne
747 2583 825 2664 qee‘l
847 2584 1005 2665 Simplicis.
1050 2586 1211 2666 composita
1234 2603 1291 2665 que
1312 2604 1431 2666 semper
1449 2594 1532 2666 poet·

232 2687 366 2768 ponitur,
386 2695 418 2746 ut
440 2694 527 2764 atque
547 2704 666 2764 quoque
687 2705 822 2765 namque.
862 2687 998 2766 syllabice
1021 2705 1137 2766 quoque
1160 2687 1277 2748 additur
1295 2687 1323 2748 iu
1348 2691 1453 2748 lineet
1474 2689 1532 2748 rim

232 2789 449 2852 coniunctionis
474 2787 580 2849 amittit
607 2787 776 2862 melitinae,
805 2797 838 2848 et
865 2789 994 2867 undique
1019 2788 1145 2866 denique
1167 2789 1280 2867 itaque,
1310 2789 1427 2866 quando
1448 2797 1570 2850 aute-ra
1622 2809 1625 2816 ·

223 2890 415 2972 'paenultimo
441 2897 528 2950 aceto
553 2890 715 2968 protertur,
737 2889 766 2950 id
789 2899 835 2950 est
855 2890 971 2967 quaudo
993 2889 1160 2951 couieuctio
1182 2899 1227 2950 est
1248 2891 1409 2952 rationalis.
1454 2900 1534 2952 utra-

235 3011 293 3070 que
320 3000 350 3052 et
376 2990 530 3072 pleraque,
560 2991 727 3068 quaeritur,
755 3010 821 3052 cerm
851 2989 911 3051 siut
940 3011 996 3052 ena
1025 3010 1095 3071 pars
1122 2991 1263 3052 orationis
1286 3011 1342 3052 uec
1363 3011 1419 3070 que
1441 2992 1534 3052 divisa

235 3111 289 3172 pro
308 3093 516 3154 coniunctione
537 3092 714 3172 accipiatur,
736 3112 867 3153 cernon
890 3093 1008 3154 tertium
1031 3093 1068 3154 ab
1091 3093 1191 3154 ultima
1215 3102 1334 3156 acutum
1357 3093 1533 3156 habeernut.

234 3195 264 3255 iu
291 3211 350 3272 qeo
375 3212 533 3273 possemus
554 3195 668 3270 dicere,
690 3195 768 3273 quod
791 3205 932 3255 accentus
954 3194 1183 3256 masculinorum
1207 3204 1235 3255 et
1258 3204 1444 3267 neutrorum,
1466 3195 1535 3274 quia

234 3296 433 3377 paenultimus
461 3304 507 3356 est
532 3305 653 3369 aceles,
673 3295 751 3356 acuit
773 3295 860 3356 etiam
882 3296 1019 3357 feminina
1042 3296 1071 3355 iu
1096 3315 1178 3358 suam
1202 3297 1295 3375 legem
1321 3293 1571 3380 concidenlltia.ao

164 3405 214 3456 127
234 3417 290 3458 uec
310 3397 417 3458 mirem
433 3397 598 3476 euphoniae
614 3415 703 3458 caesa
718 3397 774 3458 hoc
794 3397 824 3456 ie
842 3397 889 3456 his
906 3398 1054 3471 evenisse,
1075 3415 1141 3458 cunr
1157 3398 1186 3458 iu
1199 3397 1264 3460 aliis
1280 3417 1397 3478 quoque
1412 3399 1536 3478 quibes-

233 3500 300 3560 dam
318 3495 499 3581 comlpositis
521 3499 578 3559 lroc
592 3498 669 3560 idem
690 3497 854 3571 iuvenitur,
870 3506 902 3558 ut
919 3498 1053 3558 calefacis
1080 3500 1220 3578 tepelacis
1236 3500 1446 3574 suavembeus,
1459 3519 1535 3580 quae

235 3600 333 3664 omnia
349 3600 458 3662 debent
473 3599 634 3662 secundem
650 3600 814 3678 analogiam
828 3599 1108 3680 autepaenultimem
1130 3601 1240 3664 habere
1262 3612 1391 3678 acutum,
1413 3601 1536 3681 paenul-

235 3704 338 3764 timum
356 3713 452 3763 tamen
470 3702 645 3762 habueruut.

168 3821 217 3872 lert
317 3805 489 3866 immittit
512 3821 586 3880 quae
609 3821 677 3882 pars
700 3803 841 3864 orationis
864 3801 932 3863 est?
955 3801 1090 3864 veroum.
1135 3803 1347 3867 Cuiusmodi?
1373 3805 1533 3880 indicativi,
1545 3829 1570 3870 aa

234 3909 346 3970 termae
366 3907 525 3987 perlectae,
540 3902 755 3983 coniugatiouis
776 3905 880 3966 tertiae
902 3913 1070 3986 correptae,
1086 3907 1203 3986 generis
1219 3908 1320 3984 activi,
1336 3909 1450 3969 numeri
1474 3907 1536 3968 sin·
1557 3893 1565 3907 ⁴

303 4085 543 4153 3iu·l²lrormioue]
566 4088 697 4147 terrare
768 4090 953 4157 astigitanae
1025 4091 1198 4158 lbsuperius]
1211 4109 1237 4156 p.
1253 4093 1303 4144 482
1376 4093 1407 4144 16
1422 4094 1538 4154 Quid-

237 4163 268 4214 19
286 4161 471 4228 llguraoer.S
543 4159 617 4210 leet
636 4159 762 4210 haecum.
782 4161 825 4210 OG
896 4161 1081 4227 repossidere
1102 4163 1144 4212 00
1168 4162 1316 4212 retineres
1383 4173 1411 4213 ut
1429 4164 1535 4229 phyrrin

234 4243 323 4284 teuton
343 4232 386 4283 OG
404 4240 431 4280 ut
451 4232 552 4297 persius
571 4237 657 4280 teuton
674 4249 767 4280 ιιιιι
782 4229 804 4278 S
815 4247 825 4280 .-
841 4231 876 4292 ef.
903 4233 1000 4296 Verpit.
1012 4231 1078 4280 Aen.
1097 4232 1130 4282 lli
1152 4231 1204 4281 ate
1225 4234 1338 4282 ttectoris
1357 4233 1536 4284 Andromache

234 4304 325 4367 Pyrriu
346 4301 576 4358 conubia-servas,
596 4299 620 4348 Χ
636 4299 689 4350 668
702 4308 791 4350 teuton
810 4315 851 4348 me
868 4301 973 4349 erimine
987 4301 1103 4367 dignum,
1122 4300 1170 4350 llll
1189 4301 1240 4352 503
1259 4311 1345 4351 teuton
1359 4303 1455 4369 placuit
1476 4317 1538 4352 con-

234 4387 337 4423 currere
351 4381 421 4421 motu
490 4369 565 4420 'ttid
580 4378 618 4418 est
630 4385 677 4420 ou.
692 4369 734 4420 OG
804 4371 837 4418 2⁸2
857 4383 907 4419 uon
927 4383 1005 4425 oruc
1075 4369 1109 4420 '23
1125 4386 1227 4436 semper
1244 4373 1346 4422 om.OG
1417 4373 1450 4421 ’24
1466 4387 1536 4422 eam-

235 4441 323 4506 qeeS
345 4443 447 4504 iamque
467 4440 509 4491 OG
581 4441 614 4488 25
634 4440 726 4489 emittit
746 4446 771 4487 et
789 4439 899 4487 encletiti
921 4439 989 4489 nee
1061 4441 1163 4503 quaudo
1188 4445 1272 4490 autem
1293 4441 1468 4506 penultimoS

235 4514 269 4562 ’26
285 4522 392 4575 utraque
408 4520 433 4559 et
449 4510 571 4576 pleraque
587 4507 607 4557 S
625 4519 732 4572 utreque
746 4509 868 4572 pleraque
883 4509 925 4559 OG
996 4509 1029 4557 27
1051 4511 1210 4572 quaeritare
1232 4523 1389 4573 quaeremur
1402 4511 1446 4561 GS
1458 4527 1537 4575 quae-

235 4589 293 4630 rent
310 4581 331 4630 0
399 4595 510 4643 necque
526 4579 643 4642 Gneque
662 4577 704 4629 GS
761 4578 846 4626 diuisa
860 4579 900 4627 ecl
915 4592 960 4643 pro
973 4577 1184 4628 coeieuotioueS
1201 4579 1284 4629 diuise
1303 4581 1343 4628 uel
1360 4582 1537 4632 coniunctione

237 4650 280 4700 CO
349 4649 383 4700 28
404 4648 619 4715 accipieterAtd.
644 4650 766 4715 accipiter
782 4645 846 4698 CGS
916 4649 1022 4698 ecutaC
