3400 5325
431 273 678 336 Pxnrxxlortss
700 274 753 335 Xll
776 274 882 337 VERS.
906 275 989 336 ΑΕΝ.
1008 276 1057 336 lll.
1083 284 1194 341 65—72
1397 273 1459 333 475
1511 314 1518 328 .

218 401 241 441 ρ.
256 389 315 429 raso.
329 387 355 428 or
369 389 393 429 r.
1259 403 1280 442 p.
1290 390 1366 432 ooo-s
1381 389 1408 429 x.

166 460 233 519 dam
256 460 428 535 derivativa,
456 459 615 540 primitiva,
648 467 680 520 ut
707 479 797 539 saepe
824 462 912 534 satis,
940 458 1111 535 derivativa,
1140 470 1172 522 ut
1207 462 1325 554 saepius
1357 459 1458 520 satius.

166 560 325 639 Postquam
346 562 436 637 igilur
455 562 538 621 cuius
561 568 606 621 est
628 560 869 637 significationis?
891 563 1053 643 Temporis.
1100 562 1189 624 Cuius
1212 561 1346 641 figurae?
1370 562 1456 623 Com·
1476 565 1510 616 cn

167 662 290 741 positae.
326 663 368 723 Ex
389 660 516 739 quibus?
543 662 586 721 Ex
607 662 722 723 duobus
743 663 882 741 integris,
905 671 1021 742 postet
1042 682 1138 742 quam.
1184 665 1278 735 Quem
1301 663 1390 723 babet
1412 680 1461 722 ac·

167 762 306 823 centum?
339 764 370 824 Si
399 782 452 843 per
474 782 507 823 se
533 764 699 843 proteratur
724 764 769 824 vel
796 772 1002 844 praepostere,
1026 774 1157 839 acutum,
1181 766 1210 825 in
1233 784 1318 826 versu
1339 761 1343 847 Ι
1363 772 1459 837 autem

144 882 293 942 sprevere.
338 864 392 924 llic
421 864 610 925 derivativum
637 885 654 926 a
681 874 757 945 post.
802 865 943 926 Posterus
970 874 1088 945 postera
1116 875 1266 945 posterum
1292 865 1459 946 posteritas,

166 965 253 1025 buius
280 965 509 1044 comparativum
537 966 697 1045 posterior,
725 966 932 1046 superlativum
962 974 1145 1047 postremus;
1174 976 1203 1027 et
1227 968 1303 1029 aliud
1327 967 1459 1047 posticus

166 1067 279 1146 postica
309 1067 454 1145 posticum
482 1073 512 1125 et
533 1076 635 1145 postea
655 1074 684 1127 et
701 1068 842 1147 posthaec
868 1076 897 1129 et
917 1070 1083 1149 postmodo.
1127 1077 1228 1149 postes
1254 1086 1370 1146 quoque
1391 1066 1459 1128 inde

165 1167 301 1227 videntur
336 1166 444 1235 dictae,
478 1168 555 1244 quod
593 1176 661 1247 post
694 1170 773 1230 sores
805 1178 893 1230 stant.
938 1171 1113 1249 posthumus
1150 1170 1237 1231 etiem
1265 1170 1300 1230 ab
1330 1169 1388 1229 boc
1415 1176 1460 1229 est

166 1267 362 1346 compositum
387 1276 417 1328 et
448 1268 659 1349 postliminium
687 1276 717 1329 et
744 1264 953 1349 pomoerium,
977 1271 1061 1349 quasi
1083 1281 1150 1352 post
1172 1290 1304 1345 murum,
1328 1278 1357 1330 et
1379 1276 1489 1368 post.

132 1370 273 1429 rohabeo.

252 1470 323 1530 Res
346 1489 421 1549 qnae
445 1490 513 1550 pars
535 1470 675 1532 orationis
703 1470 771 1532 est?
804 1473 927 1534 Nomen.
973 1474 1049 1545 Quid
1072 1484 1117 1537 est
1139 1475 1267 1536 nomen‘l
1299 1475 1370 1536 Pars
1392 1492 1458 1535 ora·
1476 1480 1510 1531 70

167 1572 255 1632 tionis
282 1582 310 1631 et
335 1584 441 1633 cetera.
487 1572 566 1642 Quot
587 1573 723 1634 accidunt
748 1572 880 1633 nomini?
903 1574 1046 1653 Quinque.
1063 1575 1196 1646 *Onae‘l
1226 1576 1349 1655 Species
1361 1594 1460 1654 genus

166 1690 307 1734 numerus
330 1676 421 1751 ligura
443 1693 539 1735 casus.
571 1673 661 1735 Cuius
684 1681 730 1734 est
750 1674 880 1753 speeiei'.l
901 1676 1148 1755 Appellativorum
1167 1655 1338 1755 generalisl
1352 1677 1461 1749 Qiram·

167 1774 210 1833 vis
237 1774 315 1833 enim
345 1775 463 1852 quidam
492 1776 673 1853 grammatici
701 1776 896 1857 incorporalia
927 1778 1040 1839 soleant
1062 1796 1109 1838 res
1132 1778 1246 1852 dicero,
1273 1786 1371 1839 tamen
1392 1797 1459 1839 vcra

133 1874 279 1936 oratione
308 1876 404 1935 omnia
432 1894 506 1955 quae
536 1885 619 1949 suot,
649 1878 710 1938 sive
741 1878 903 1958 corporalia
932 1879 993 1939 sive
1020 1878 1230 1958 incorporalia,
1259 1898 1307 1941 res
1336 1888 1461 1959 possunt

166 1960 327 2049 nominari,
345 1976 422 2038 sicut
445 1978 491 2038 liic
510 1996 559 2039 res
575 1978 659 2039 Asiae
675 1979 746 2039 dixit
760 1998 814 2058 pro
834 1999 922 2060 opeS,
944 1988 973 2040 et
992 2000 1040 2041 res
1063 1980 1223 2059 publicaret
1242 2000 1291 2041 res
1311 1981 1461 2043 familiaris

166 2085 197 2137 et
216 2098 266 2138 res
286 2078 395 2139 uxoria.
440 2097 526 2156 ergo,
549 2079 626 2139 sicut
647 2098 736 2159 supra
758 2081 901 2155 diximus,
923 2081 1165 2158 significationem
1186 2082 1274 2143 babet
1294 2083 1460 2161 generalem

166 2186 197 2240 et
218 2189 264 2241 est
285 2163 485 2259 primitivuml
507 2180 565 2241 Fac
582 2179 671 2258 igitur
690 2180 726 2241 ab
749 2200 784 2241 eo
803 2182 1000 2243 derivativum.
1039 2183 1155 2244 llecula.
1185 2183 1302 2260 quidam
1325 2192 1354 2245 et
1375 2203 1457 2245 reum
1478 2197 1507 2247 71

168 2281 234 2341 inde
257 2282 366 2343 dictum
383 2266 501 2360 putant,
525 2282 601 2359 quod
625 2282 666 2342 rei
688 2281 774 2343 alicui
797 2283 940 2345 obnoxius
963 2292 1016 2345 est.
1063 2286 1152 2347 Cuius
1175 2294 1220 2345 est
1239 2270 1376 2364 generis?
1406 2286 1461 2347 Fe·

130 2383 279 2444 aorninini.
325 2380 403 2443 Cur‘l
432 2382 506 2453 Ouia
528 2383 624 2443 omnia
643 2383 895 2461 nominaquiotae
917 2384 1120 2447 declinationis
1149 2387 1286 2448 leminina
1316 2396 1385 2449 sunt
1412 2407 1461 2449 ex·

166 2494 252 2565 cepto
274 2484 357 2557 dies,
375 2484 451 2560 quod
472 2482 502 2543 in
525 2482 664 2562 singulari
687 2494 809 2546 numero
831 2495 888 2547 tam
904 2489 1097 2550 masculinum
1116 2506 1203 2567 quam
1227 2489 1396 2550 femininum
1416 2490 1461 2549 in·

166 2587 295 2658 venitur,
316 2586 347 2645 in
370 2584 474 2664 plurali
493 2604 563 2645 vero
581 2585 734 2646 masculini
757 2587 915 2649 dumtaxat.
961 2599 1005 2649 est
1028 2590 1113 2659 etiam
1137 2608 1243 2650 nornen
1266 2591 1343 2668 quod
1366 2589 1401 2650 ab
1426 2610 1460 2651 eo

167 2688 367 2768 componitur,
395 2688 453 2747 hoc
475 2695 519 2747 est
539 2687 692 2760 meridies,
721 2690 885 2750 masculini.
931 2700 1099 2753 curantem
1124 2692 1242 2769 quintae
1265 2702 1311 2753 est
1332 2692 1461 2752 deelina-

168 2789 271 2862 tionis,
295 2790 324 2850 in
346 2787 456 2865 regulis
479 2805 551 2865 quas
571 2788 607 2848 de
628 2790 755 2866 nomine
766 2791 940 2870 scripsimus
958 2791 1098 2852 invenies.
1145 2793 1234 2854 Cuius
1258 2803 1303 2854 est
1325 2793 1460 2854 numeri‘l

130 2891 224 2951 vallic
250 2891 380 2970 pluralis.
426 2889 505 2950 Vnde
532 2889 588 2950 boc
616 2909 776 2969 possumus
803 2891 900 2953 seire?
919 2888 932 2975 ll
955 2893 1029 2964 Quia
1055 2893 1135 2953 addit
1157 2902 1295 2954 evertere.
1342 2894 1459 2954 verbum

167 2993 244 3053 enirn
267 3001 366 3052 everto
386 2992 551 3054 accusativo
570 2991 708 3068 singulari
728 2993 771 3053 vel
792 2993 895 3072 plurali
918 3012 1041 3053 necesse
1067 3003 1112 3054 est
1140 2993 1283 3072 adiungi3,
1304 2995 1459 3072 singularis

166 3104 264 3154 autem
281 3095 464 3154 accusativus
484 3112 545 3154 reru
569 3101 622 3152 est.
661 3094 750 3154 Cuius
770 3102 814 3154 est
836 3093 969 3172 sigorae?
992 3095 1148 3174 Simplicis.
1188 3095 1244 3156 Fac
1263 3096 1457 3175 compositum
1476 3106 1509 3155 72

167 3215 201 3256 ex
223 3216 258 3255 eo
279 3196 357 3272 ‹puod
381 3204 427 3256 est
447 3215 505 3255 res.
550 3191 734 3274 llespulhlica
757 3196 916 3256 resuxoria.
963 3197 1052 3257 Cvrius
1075 3203 1121 3256 est
1146 3195 1254 3258 casus?
1297 3197 1459 3258 Accusativi

168 3295 298 3376 pluralis.
336 3315 423 3356 omne
442 3305 538 3356 autem
559 3313 666 3355 nomen
688 3296 806 3372 quintae
829 3297 1031 3359 declinationis
1052 3298 1261 3360 nominativum
1282 3299 1460 3376 singularem

134 3406 199 3457 acet
219 3399 381 3477 vocativum
415 3405 444 3457 et
473 3397 683 3458 nominativum
706 3397 846 3476 pluralem
871 3408 900 3460 et
929 3399 1126 3461 accusativum
1148 3410 1177 3460 et
1200 3401 1363 3461 vocativum
1381 3400 1460 3461 simi-

166 3498 226 3558 lem
252 3498 349 3559 bobet.
394 3499 448 3559 llic
476 3499 608 3576 regulam
632 3499 662 3559 in
686 3518 718 3560 es
740 3500 912 3579 productam
936 3501 1156 3563 terminatorum
1180 3504 1330 3564 nominum
1354 3520 1461 3562 conso·

166 3609 257 3661 nante
279 3600 479 3660 antecedente.
509 3600 614 3660 Omnia
633 3599 662 3660 in
685 3620 717 3661 es
740 3601 911 3680 productam
934 3601 1117 3662 terminantia
1140 3603 1258 3664 nomina
1279 3610 1461 3664 consonante

167 3700 358 3761 antecedente
373 3702 476 3761 tertiae
491 3712 560 3762 sunt
580 3701 798 3776 declinationis,
822 3712 854 3764 ut
872 3723 970 3764 verres
990 3705 1098 3778 verris,
1115 3705 1220 3766 caedes
1235 3706 1349 3781 caedis,
1365 3706 1460 3768 Vlixes

166 3802 271 3874 vous,
295 3801 422 3862 acriores
446 3803 582 3879 aerariis-3
615 3789 644 3862 ‘o
666 3805 762 3865 omno
789 3823 875 3884 pnes
901 3805 1008 3865 riacani
1027 3806 1151 3885 syllabas
1174 3807 1203 3867 in
1227 3808 1404 3870 nantoani-0
1432 3817 1461 3869 a

132 3921 158 3960 as
169 3893 304 3980 genetivo
340 3905 469 3983 exceptis
503 3904 634 3984 locuples
665 3905 835 3986 locupletis,
868 3925 981 3968 merces
1019 3909 1180 3982 mercedis,
1216 3910 1302 3970 lieres
1332 3911 1459 3983 heredis

168 4006 258 4066 Ceres
284 4005 414 4080 Cererls‚
438 4026 490 4085 pes
514 4006 613 4086 perlis,
642 4015 670 4066 et
695 4016 845 4086 praeterea
868 4010 985 4088 quintae
1008 4009 1211 4070 declinationis
1237 4021 1285 4071 res
1311 4012 1368 4086 rei,
1392 4031 1460 4092 spes

167 4106 247 4185 spei,
270 4107 344 4166 lxdes
365 4107 441 4166 hdei.
487 4108 597 4184 antiqui
619 4127 687 4169 vere
710 4119 738 4168 el
761 4109 863 4188 plebes
887 4111 980 4190 plebei
1004 4110 1155 4186 dicebant,
1178 4113 1256 4189 quod
1277 4133 1355 4174 nune
1376 4113 1460 4194 plebs

166 4206 262 4288 plebis
285 4207 425 4282 dicimus,
449 4217 477 4269 et
498 4211 589 4269 lomes
611 4210 714 4282 laurei,
734 4212 812 4288 quod
835 4232 914 4273 nuno
937 4213 1030 4274 lamis.

235 4398 252 4444 4
272 4395 310 4444 vel
330 4395 597 4460 praeposteremus
666 4396 690 4443 in
710 4411 786 4445 uersu
804 4407 887 4448 utitem
910 4399 934 4447 ln
955 4413 1060 4464 grauem
1080 4401 1236 4450 conuertitur
1253 4401 1273 4450 S
1343 4404 1358 4452 5
1377 4404 1421 4452 Dic
1439 4405 1460 4453 G

169 4465 205 4513 lla
226 4467 267 4514 c':
289 4464 382 4513 llic-
401 4464 418 4513 9
434 4464 573 4529 posthabeo
592 4479 637 4513 on.
653 4463 674 4512 S
766 4469 781 4515 7
801 4469 905 4532 posthac
924 4477 948 4517 et
968 4471 1128 4534 postmodnm
1146 4483 1163 4525 ς
1250 4471 1266 4521 8
1286 4481 1418 4536 postumus
1438 4474 1460 4522 G

240 4535 267 4584 ll
290 4534 355 4592 Quid
374 4533 504 4583 est-13
522 4549 597 4583 castis
615 4535 701 4582 crnS
773 4538 802 4585 12
824 4539 923 4602 species
944 4539 1130 4600 CipiulitusG
1203 4540 1233 4589 18
1252 4542 1350 4590 resculo
1370 4541 1410 4592 OS

168 4604 270 4665 qnidam
282 4631 316 4639 —
333 4602 362 4652 ru
374 4603 500 4651 obnoxius
520 4615 558 4652 est
580 4619 623 4653 oni.
633 4603 653 4650 S
705 4607 737 4654 'll
759 4607 783 4654 ln
802 4608 899 4672 regulis
917 4623 980 4670 quas
999 4609 1030 4657 de
1051 4609 1152 4658 nourine
1168 4607 1329 4675 scripsimus]
1347 4611 1458 4674 praes.

167 4673 219 4722 704
304 4673 335 4722 31
357 4672 450 4722 liabent
469 4670 532 4722 CGS
617 4671 653 4724 36
674 4689 720 4739 pes
737 4676 853 4741 pedisol
879 4693 925 4744 pes
944 4677 1052 4743 pidisc
1074 4693 1165 4745 perpes
1185 4679 1339 4746 perpetisS
1426 4681 1459 4736 37

167 4741 319 4791 dicebantG
335 4742 527 4791 declinauerunt
546 4741 573 4806 S,
595 4759 641 4793 err.
661 4743 683 4792 G
