3400 5325
252 244 314 307 402
773 272 777 278 ·
798 242 1009 306 rimbertus

253 426 384 492 sacculo
411 426 496 491 liber
517 426 639 491 Donati
669 426 709 491 de
736 426 940 491 barbarismo
970 434 1003 489 ct
1030 426 1082 489 bic
1111 426 1152 489 dc
1175 424 1365 489 accentibus
1388 424 1473 489 liber
1495 426 1554 503 ita,

253 534 365 593 littera
384 540 429 592 ert
448 566 483 575 —
500 550 582 593 caua
602 536 726 608 erptirr't
748 541 775 603 p*
796 534 833 591 de
863 532 1041 621 asserribus.
1086 528 1143 591 sed
1167 527 1224 591 hos
1247 525 1349 591 libros
1372 546 1482 590 omnes
1507 526 1555 587 ita

253 630 339 694 inter
366 653 401 694 se
428 628 631 717 discrepant,
662 638 698 694 ut
725 653 790 694 non
820 628 988 693 librarium
1017 628 1202 715 exemplum
1235 627 1323 714 quod
1355 624 1554 713 sequebatur

252 741 450 817 repetentem
471 754 647 816 agnoscas,
669 730 726 795 sed
749 740 785 794 ut
807 730 908 793 multa
930 752 950 793 a
971 732 1183 813 grammatico
1200 738 1323 793 temere
1341 736 1465 793 mutata
1479 748 1553 791 esse

252 832 419 919 adpareat.
465 834 579 895 cadem
607 832 759 896 libertate
788 854 867 895 usus
897 841 946 895 cst
973 833 1016 908 is,
1043 832 1099 917 qui
1121 830 1296 895 editionem
1318 830 1499 916 principem
1520 831 1551 890 a.

257 939 335 998 1470
360 934 480 997 iactam
503 934 644 1009 curavit,
668 933 720 997 vol
743 934 852 1019 potius
877 932 945 1009 ilie,
966 932 1021 1019 qui
1045 932 1190 997 codicem
1212 933 1503 1018 manuscriptum,
1533 952 1553 993 e

252 1057 317 1121 quo
341 1033 398 1098 illa
423 1055 580 1120 expressa
603 1044 669 1113 est,
698 1036 858 1099 exaravit.
903 1034 1083 1119 principem
1106 1045 1213 1098 autern
1233 1034 1410 1097 editionem
1435 1032 1553 1117 reliqui

253 1136 393 1201 editores
411 1144 487 1199 ante
503 1136 763 1199 Lindemannum
783 1137 830 1200 ita
850 1136 954 1199 secuti
978 1142 1071 1218 sunt,
1095 1136 1182 1199 utin
1199 1135 1313 1222 paucis
1331 1134 1435 1218 iisque
1449 1132 1552 1196 levio-

251 1236 343 1300 ribus
366 1237 435 1301 fere
457 1236 555 1301 rebus
577 1238 648 1301 eius
664 1236 762 1301 fidem
778 1236 1010 1323 relinquerent.
1048 1236 1142 1323 plura
1160 1238 1283 1323 primns
1304 1235 1442 1299 mutavit
1456 1234 1551 1297 Lin-

252 1338 494 1419 dernannus,
519 1339 576 1425 qui
593 1338 738 1403 codicem
754 1338 1014 1420 l'erizonianum,
1038 1338 1078 1401 do
1096 1358 1159 1423 qno
1179 1358 1278 1423 supra
1294 1338 1375 1418 dixi,
1391 1346 1423 1399 et
1441 1335 1551 1399 varias

167 1479 174 1487 ·
250 1436 406 1502 lectiones
422 1461 465 1503 ox
481 1438 609 1504 duobus
626 1438 804 1521 codicibus,
824 1438 926 1503 altero
938 1440 1162 1524 Groningano,
1182 1439 1285 1503 altero
1297 1438 1551 1516 Burmanniano,

250 1561 271 1603 a
292 1540 461 1604 Bondamo
483 1552 675 1627 excerptas,
706 1540 748 1605 de
775 1539 896 1625 quibus
918 1540 1009 1606 libris
1033 1542 1087 1604 ille
1113 1539 1198 1603 dixit
1223 1539 1328 1626 praef.
1351 1563 1382 1625 p.
1402 1538 1551 1615 XXVII,

250 1640 293 1705 ad
312 1643 536 1707 recensionem
560 1642 657 1707 huius
679 1640 755 1707 libri
775 1642 933 1707 adhibuit.
979 1652 1053 1729 post
1072 1640 1334 1705 Lindemannum
1354 1639 1551 1705 Krehlius

251 1743 413 1829 quaedam
434 1744 573 1807 mutavit
595 1743 741 1809 adhibito
757 1744 869 1807 codice
884 1744 1012 1829 aliquo,
1036 1766 1131 1831 quem
1148 1752 1262 1829 quarto
1279 1741 1403 1807 decimo
1420 1741 1550 1803 saeculo

251 1846 406 1930 scripturn
422 1845 552 1931 sibique
568 1868 589 1908 a
605 1844 642 1909 O.
661 1844 699 1907 F.
715 1844 895 1909 Mattlriaco
916 1844 1027 1907 datum
1050 1866 1121 1908 esse
1141 1845 1256 1907 scribit
1274 1843 1377 1929 praes.
1397 1842 1501 1907 Prisc.
1516 1841 1551 1904 11

249 1969 282 2032 p.
298 1946 338 2009 V.
375 1946 425 2011 bis
449 1947 550 2031 igitur
572 1948 676 2031 copiis
694 1947 830 2033 paratis,
850 1968 923 2011 cum
945 1946 1115 2010 molestum
1139 1956 1226 2010 esset
1247 1954 1279 2009 et
1300 1945 1415 2009 inutile
1434 1946 1469 2007 in
1490 1944 1549 2007 tali

250 2046 382 2133 quidem
405 2045 490 2111 libro
514 2069 641 2111 omnem
664 2049 813 2112 codicum
836 2046 1088 2133 discrepantiam
1118 2068 1315 2133 proponere,
1348 2047 1449 2109 satius
1478 2066 1550 2108 esse

153 2207 157 2213 .
250 2148 346 2229 duxi,
373 2148 633 2234 antiquissimam
661 2149 813 2226 formam,
841 2170 939 2235 quarn
963 2146 1242 2234 Guelferbytanus
1267 2150 1338 2233 (H)
1369 2155 1401 2211 et
1420 2146 1551 2214 Perizo-
1619 2180 1622 2185 ·

250 2250 368 2312 nianus
398 2250 470 2333 (G)
497 2250 671 2334 praebent,
703 2252 807 2336 sequi.
853 2270 927 2313 nam
957 2250 982 2311 ii
1011 2252 1115 2333 magis
1145 2270 1241 2335 quam
1265 2250 1382 2334 reliqui
1407 2250 1549 2312 interae

249 2350 414 2413 coniuncti
436 2361 528 2433 sunt,
551 2350 614 2413 nisi
639 2351 725 2437 quod
748 2354 782 2414 in
802 2351 834 2415 G
857 2352 999 2415 maxime
1022 2351 1183 2437 quaedam
1199 2352 1313 2427 etiarn,
1336 2371 1419 2436 qnae
1435 2358 1550 2436 postea

249 2448 416 2537 adscripta
431 2474 504 2515 csse
520 2452 683 2534 videntur,
703 2461 835 2539 recepta
851 2462 936 2515 sunt.
970 2453 1080 2539 itaque
1098 2474 1207 2515 eorum
1225 2450 1477 2535 discrepantiam
1495 2472 1550 2513 cx-

246 2550 351 2615 hibui.
388 2562 558 2639 praetcrea
576 2576 680 2639 pauca
701 2576 744 2617 ex
764 2554 912 2639 principe
930 2553 1073 2617 editione
1088 2562 1120 2617 et
1138 2576 1181 2615 ex
1194 2552 1414 2616 Lindemanni
1430 2554 1549 2618 codici-

250 2652 313 2718 bus
330 2654 447 2720 udieei.
482 2665 626 2720 ceterum
644 2654 937 2743 Guelferbytanum
956 2654 1100 2720 codicem
1119 2657 1190 2741 ipse
1204 2654 1351 2737 excussi,
1375 2654 1550 2720 Leidensis

250 2757 476 2842 apographum
492 2756 711 2820 Lindemanni
726 2779 826 2820 manu
843 2757 967 2821 facturn
987 2757 1020 2820 in
1039 2758 1108 2820 eius
1125 2755 1253 2821 schedis
1270 2756 1380 2820 habui.

334 2847 473 2922 Duobus
495 2858 696 2922 carminibus
714 2857 890 2940 Prisciani,
912 2860 1073 2945 periegesi
1096 2881 1138 2923 ex
1158 2859 1287 2924 Graeco
1304 2859 1460 2946 Dionysii
1479 2881 1547 2924 car·

248 2961 337 3025 mine
353 2959 533 3024 translatae
550 2968 582 3024 et
597 2960 691 3024 alteri
708 2959 748 3022 de
763 2958 862 3022 laude
878 2961 1064 3042 Anastasii,
1084 2959 1170 3046 quod
1189 2982 1217 3024 a.
1234 2963 1314 3024 1828
1332 2959 1548 3026 Endiieberus

249 3049 367 3140 edidit,
390 3061 475 3124 inter
496 3063 726 3146 grammaticos
750 3059 851 3126 libros
876 3061 981 3126 iocum
1007 3083 1070 3126 non
1092 3061 1236 3127 dandum
1256 3085 1328 3126 esse
1349 3063 1546 3128 existimari.

248 3164 380 3226 tertium
395 3184 474 3226 vero
493 3163 534 3226 de
547 3162 747 3249 ponderibus
762 3172 796 3226 et
811 3164 988 3244 mensuris,
1008 3162 1095 3248 quod
1113 3162 1163 3226 bis
1180 3163 1256 3227 addi
1276 3164 1372 3247 solet,
1388 3174 1425 3228 ut
1443 3165 1547 3250 ipsum

248 3285 377 3349 quoque
393 3285 459 3327 non
475 3266 584 3328 minus
598 3286 618 3327 a
633 3267 847 3348 grammatico
863 3286 983 3349 genere
1000 3264 1140 3328 alienum
1159 3274 1220 3348 est,
1233 3267 1278 3328 ita
1293 3287 1358 3330 non
1372 3267 1469 3331 video
1481 3289 1547 3330 cer·

248 3366 291 3428 tis
309 3365 490 3428 rationibus
511 3365 553 3428 ad
570 3365 776 3428 Priscianum
791 3375 954 3430 auctorem
974 3367 1100 3430 referri.
1130 3389 1204 3430 nam
1221 3389 1282 3431 nee
1298 3391 1396 3432 rnanu
1414 3369 1545 3456 scripto·

247 3488 319 3530 rurn
333 3465 491 3531 librorum
503 3467 696 3536 auctoritate
705 3468 785 3531 satis
799 3467 987 3532 defenditur
996 3489 1114 3532 nomen
1131 3470 1337 3556 grammatici
1353 3492 1414 3536 nec
1430 3493 1546 3552 rerum,

248 3567 423 3654 dequibus
438 3570 555 3653 agitur,
572 3576 774 3652 argumento.
799 3569 896 3655 primi
913 3570 999 3647 enim
1017 3589 1131 3633 versus
1145 3571 1382 3657 quinquaginta
1394 3573 1546 3660 quinque,

248 3671 304 3755 qui
320 3668 380 3732 soli
396 3669 431 3732 in
447 3670 559 3734 eodem
576 3678 783 3754 argumento,
804 3669 891 3757 quod
909 3669 1098 3734 Priscianus
1113 3675 1281 3754 tractavit,
1300 3681 1491 3755 versantur,
1513 3675 1547 3736 in

248 3771 444 3857 quibusdam
459 3771 540 3836 locis
558 3793 636 3835 sanc
649 3755 726 3834 curn
745 3770 833 3835 illius
849 3773 1030 3857 praeceptis
1050 3774 1267 3855 consentiunt,
1285 3773 1344 3838 sed
1359 3773 1424 3838 alia
1444 3797 1547 3862 eaque

248 3872 391 3936 maxime
408 3873 570 3937 Prisciani
586 3874 719 3959 propria
735 3873 768 3935 in
789 3872 855 3937 illis
874 3873 994 3938 omissa
1009 3884 1095 3938 sunt.
1119 3897 1185 3960 qua
1199 3897 1234 3939 re
1250 3861 1366 3940 n'onren
1385 3875 1547 3940 Prisciani

248 3984 317 4038 tum
331 3974 460 4038 demum
479 3974 555 4038 huic
570 3976 706 4039 carmini
724 3975 918 4059 inscriptum
938 3997 1011 4039 esse
1027 3984 1120 4061 puto,
1136 3985 1308 4062 postquam
1328 3979 1363 4042 in
1377 3978 1546 4044 codicibus

247 4097 314 4138 una
327 4098 401 4140 cnm
417 4076 486 4138 eius
501 4075 593 4140 libris
612 4073 713 4140 scribi
726 4085 877 4162 coeptum
894 4083 952 4140 est.

332 4178 456 4263 Scripsi
471 4175 743 4242 Berolini‘rnense
757 4177 846 4240 Maio
863 4199 893 4240 a.
913 4177 1214 4244 MDUOOLVHII.

740 4453 1043 4464 ψη...-
1081 4455 1085 4463 ι
