3400 5325
217 128 237 182 Ι

425 228 474 291 DE
494 231 640 293 FlGVlllS
665 230 899 293 NvttEttottvtt
916 230 1039 293 LIBER.
1066 242 1176 297 tlt—‘tl
1381 230 1441 291 tt3

174 344 359 396 0p.tatt.5ar.
1181 364 1186 380 ·
1244 344 1392 397 paenosa.

149 424 254 493 genta,
282 416 454 493 noningenti
484 424 514 477 et
540 419 695 495 nongenti,
729 418 927 498 noningentas
952 426 979 479 et
1008 428 1187 496 nongentae,
1215 417 1393 493 noningenta
1416 425 1446 478 et
1532 463 1537 473 .

149 526 313 595 nongenta,
337 519 367 577 hi
396 526 426 577 et
448 519 502 577 hae
522 526 551 577 et
571 518 644 578 haec
664 519 750 580 mille.

236 618 279 678 Ex
301 620 347 679 his
371 627 533 679 nascuntur
550 621 692 681 ordinalia
714 620 832 679 nomina
854 621 943 691 liaeo,
972 618 1163 696 inaequaliter
1189 618 1323 696 quidem,
1352 628 1478 695 quan-v
1494 630 1524 678 21

149 728 212 780 tum
234 720 270 779 ad
292 738 392 779 vocem
414 724 503 780 unias
523 730 553 780 et
569 724 711 793 dumam,
740 721 851 800 primus
874 730 903 781 ct
924 720 1087 791 secundus,
1118 720 1278 797 acqualiter
1300 738 1367 781 vero
1386 729 1445 781 ter-

126 820 209 881 stius
230 830 353 897 quartus
372 822 493 897 quintus
520 831 621 883 sextos
644 821 786 899 septimus
815 830 936 883 octavus
962 840 1059 881 nonus
1091 821 1237 892 decimus,
1271 821 1444 881 undecimus

150 921 341 983 duodecimus
368 922 405 980 ab
431 921 567 981 undecim
593 933 622 981 et
651 922 813 981 duodecim.
859 940 925 981 nam
955 922 1057 998 reliqui
1084 941 1116 981 er
1146 930 1267 1003 utraque
1291 932 1373 1000 parte
1393 923 1444 981 de-

152 1021 296 1083 clinantur
319 1030 419 1083 contra
442 1022 686 1083 consuetudinem
714 1022 893 1087 Graecorum
920 1041 1013 1101 usque
1042 1023 1077 1083 ad
1105 1023 1378 1095 nonamdecimam,
1412 1032 1443 1083 ut

151 1122 386 1183 tertiusdecimus
410 1124 664 1201 quartusdecimus
685 1123 939 1199 quintusdecimus
964 1124 1198 1185 sextusdecimus
1220 1124 1444 1202 septimusdeci-

151 1242 217 1284 mus
235 1224 488 1285 octavusdecimus
510 1223 739 1285 nonusdecimus
763 1222 919 1285 ricesimus
948 1224 1215 1303 vicesimusprimus
1241 1226 1444 1286 riresiniusse·

116 1324 266 1384 locandus
287 1324 548 1385 vicesimustcrtius
569 1324 848 1403 vicesimusquartus
871 1325 1146 1403 vicesimaequiutus
1169 1325 1443 1401 vicesimussextus;

151 1425 195 1485 sic
214 1443 316 1486 omnes
339 1434 512 1504 sequentes,
536 1426 613 1487 velut
631 1426 660 1486 in
684 1426 851 1505 primitivis,
875 1426 911 1485 ad
933 1426 1124 1485 imitationem
1146 1426 1332 1488 Graecorum.
1368 1428 1444 1487 ari-

151 1527 260 1587 cesimo
282 1534 312 1587 et
330 1529 335 1605 Ι
354 1547 442 1608 supra
467 1528 568 1588 maiori
590 1528 733 1589 minorem
761 1528 874 1589 addunt
900 1545 1024 1587 numero
1043 1527 1230 1605 plerumque,
1254 1536 1320 1587 ante
1342 1528 1443 1589 decem

151 1646 220 1689 vero
245 1628 389 1689 minorem
411 1636 540 1707 ponunt,
574 1630 692 1707 qnando
714 1629 875 1708 composita
897 1626 1080 1707 accipiuntur
1101 1636 1130 1687 et
1154 1629 1208 1687 sub
1237 1648 1295 1689 uuo
1319 1638 1441 1689 accentu

151 1730 350 1807 proteruntur.
394 1749 461 1789 nam
484 1729 553 1789 lieet
576 1729 717 1799 dissoluta
744 1729 957 1807 compositione
979 1729 1101 1789 diversis
1122 1730 1291 1789 accentibus
1320 1748 1353 1789 ea
1375 1748 1443 1808 pro·
1461 1748 1494 1797 22

120 1830 282 1891 relerentes
306 1839 418 1891 mertare
439 1831 588 1906 ordinem,
621 1831 767 1907 quomodo
790 1839 821 1890 et
849 1830 926 1909 apud
956 1830 1099 1903 Graecos,
1130 1837 1159 1889 et
1187 1830 1285 1890 dicero
1311 1831 1443 1891 decimus

153 1940 182 1990 ct
204 1931 347 2011 septimus
368 1952 423 2011 pro
444 1931 736 2012 septimusdecimus,
760 1939 789 1990 et
808 1931 911 1991 tertius
934 1940 962 1991 et
982 1930 1138 1991 vicesintus
1158 1950 1210 2009 pro
1229 1932 1445 1993 vicesimuster-

154 2031 226 2106 tius;
249 2031 293 2091 sic
314 2040 343 2091 el
361 2034 475 2093 similia.
513 2032 695 2101 tricesimus,
718 2032 976 2109 quadragesimus,
1000 2028 1274 2109 quinquagesimus,
1298 2032 1445 2111 sexagesi-

153 2150 233 2205 mus,
253 2133 501 2211 septuagesimus,
521 2134 735 2211 octogesimus,
757 2132 982 2210 nonagesimus,
1006 2134 1200 2204 centesimus,
1225 2134 1445 2196 ducentesimus

152 2232 196 2292 vel
217 2232 400 2306 ducesimus,
420 2234 645 2297 trecentesimus
668 2234 711 2294 rel
732 2233 921 2305 trecesimus,
944 2234 1249 2311 quadringentesiums
1270 2235 1311 2295 rel
1328 2236 1445 2313 quadri-

115 2334 298 2411 aogcsimus,
333 2334 583 2411 quingentesimus
616 2336 660 2396 rel
689 2335 908 2413 quingesimus:
942 2333 1068 2395 Livius
1100 2336 1141 2396 alr
1173 2336 1261 2395 urlie
1294 2337 1444 2396 condita

153 2432 263 2495 XXXI
280 2438 398 2494 ‘anno
420 2435 688 2513 quingesimo’:
712 2436 942 2497 sescentesimus
964 2437 1008 2497 rel
1029 2438 1222 2510 sescesimus,
1247 2439 1446 2516 septingente-

153 2536 246 2597 simus
266 2535 309 2595 rel
332 2531 571 2619 septigellsimus,
594 2539 856 2616 octingentesimus
880 2538 923 2599 vel
943 2538 1148 2616 octigesimus,
1173 2539 1445 2616 noningentesimus

154 2646 183 2698 et
204 2637 447 2716 nongentesimus
469 2637 512 2698 rel
535 2640 744 2717 nongesimus,
772 2637 954 2700 millesimus.
1531 2713 1532 2718 η

239 2738 353 2799 liabent
376 2759 410 2799 ex
430 2739 566 2800 omnihus
588 2741 717 2802 numeris
739 2742 863 2802 llomaui
890 2742 1087 2821 dispertitira,
1116 2759 1190 2818 quae
1214 2741 1316 2802 Graeci
1340 2749 1530 2809 vocanlvt23

117 2834 392 2918 nlncpeptlaipevc,
425 2859 500 2919 quae
526 2842 696 2902 naturaliter
721 2861 839 2921 semper
869 2842 990 2920 pluralia
1020 2852 1102 2914 sunt,
1136 2843 1243 2922 quippe
1277 2844 1306 2904 in
1337 2843 1445 2903 multos

154 2941 287 3004 distribui
311 2942 436 3002 eundem
464 2942 630 3018 significant
657 2961 830 3017 numerum,
864 2952 896 3004 ut
923 2943 1067 3022 ‘singulos
1096 2942 1197 3004 oculos
1226 2944 1372 3004 habebant
1393 2945 1447 3022 Cy-

154 3045 284 3123 clopes',
314 3043 393 3120 quod
417 3042 519 3102 Graeci
547 3043 649 3104 dicunt
679 3033 738 3101 clad
761 3040 810 3118 ἓν,
841 3033 901 3102 ἀνὰ
931 3039 1000 3114 δύο,
1029 3033 1088 3102 ded
1109 3044 1184 3122 τρία.
1229 3047 1273 3106 sic
1293 3064 1387 3123 usque
1410 3046 1447 3106 ad

153 3144 232 3207 mille
254 3144 362 3204 liabent
381 3145 491 3218 Latini,
514 3153 546 3204 ut
565 3144 687 3223 singuli,
710 3144 785 3218 bini,
812 3163 888 3224 quae
910 3156 980 3208 sunt
1001 3145 1151 3218 anomala,
1177 3155 1315 3222 quantum
1339 3147 1375 3206 ad
1398 3167 1448 3206 ro-

154 3266 220 3308 cem
241 3247 329 3307 unius
352 3254 382 3305 et
401 3245 544 3306 duomm:
566 3246 641 3306 terni
663 3247 708 3307 rel
734 3247 818 3321 triui;
853 3247 904 3308 sed
932 3248 1006 3308 terni
1034 3237 1092 3305 alvei
1120 3251 1215 3333 speie,
1244 3247 1311 3307 trini
1339 3253 1447 3326 τριχεῖς
1502 3241 1507 3250 '

119 3347 248 3426 eomegis
264 3347 409 3425 significat
426 3347 470 3406 vel
491 3352 616 3424 τρισσοί,
636 3347 703 3408 triui
719 3348 795 3409 ludi:
819 3350 968 3427 quaterni,
990 3349 1086 3426 quini,
1104 3349 1182 3416 seni,
1199 3350 1323 3428 septeni,
1338 3351 1447 3426 octoni,

154 3450 275 3522 noveni,
297 3434 379 3520 deni,
405 3447 530 3523 undeni,
552 3449 695 3522 «leodem,
720 3449 865 3510 ternideni
887 3469 921 3510 ex
940 3451 1055 3512 duobus
1070 3449 1207 3528 integris,
1227 3451 1373 3527 quomodo
1391 3462 1448 3512 ter·

155 3549 362 3622 tiusdccimos,
399 3559 428 3609 et
460 3550 581 3611 deiude:
621 3551 840 3628 quaternideni,
873 3549 1038 3628 quinideni,
1072 3552 1219 3626 senideui,
1255 3553 1447 3632 septenideni,

155 3649 338 3724 octonideni,
360 3652 551 3726 novenideni,
573 3653 681 3726 viceni,
713 3653 930 3732 vicenisiugali,
959 3652 1127 3727 vicenibini,
1155 3653 1340 3728 viceniterni,
1369 3641 1498 3720 simi-'24

156 3751 223 3812 liter
243 3750 351 3825 ceteri3
374 3751 493 3823 triceni,
516 3753 712 3831 quadrageni,
734 3753 948 3832 quinquageni,
978 3753 1131 3831 sexageni,
1155 3756 1341 3834 septuageni,
1368 3765 1449 3816 octo·

123 3853 242 3932 segeni,
265 3854 426 3931 nonageni,
449 3853 583 3928 centeni,
606 3855 763 3915 docenteni
786 3865 814 3916 et
835 3873 890 3935 per
911 3873 1069 3935 syncopam
1092 3855 1215 3930 diaconi,
1239 3858 1399 3917 trecenteni
1421 3866 1450 3918 et

225 4057 243 4105 4
261 4057 337 4104 tinius
354 4063 379 4104 et
396 4055 505 4104 duomm
523 4071 568 4106 om.
587 4054 688 4107 Para
702 4072 708 4104 ε
721 4058 756 4121 cs.
777 4058 847 4121 iufra
862 4077 884 4110 ac
902 4056 937 4108 28
1012 4057 1029 4108 o
1048 4073 1106 4108 nem
1124 4059 1221 4123 reliqua
1240 4073 1257 4115 ς
1331 4060 1349 4111 9
1367 4075 1450 4112 nonita

157 4126 270 4175 decimus
288 4126 425 4175 nicesimns
444 4125 541 4190 primus
559 4128 697 4176 uicesimus
715 4153 746 4164 -
757 4136 856 4194 ¹sentus
875 4128 1023 4178 uicesimus.
1043 4131 1081 4178 sic
1098 4127 1154 4177 RV
1238 4130 1267 4178 ll
1287 4129 1357 4179 uelut
1374 4131 1399 4180 in
1425 4133 1452 4182 V

159 4196 198 4244 uel
219 4196 286 4244 iuri
304 4194 384 4243 ueluti
403 4195 426 4244 R
443 4195 515 4244 uelut
533 4195 558 4242 P
643 4197 673 4245 12
692 4197 812 4246 nroiorem
829 4199 920 4246 minori
938 4199 964 4247 P
1048 4199 1197 4264 plerumque
1219 4197 1335 4248 undecim
1352 4200 1449 4250 duode-

158 4266 206 4314 cim
219 4266 305 4314 decem
319 4272 343 4312 et
356 4263 407 4312 duo
420 4271 478 4312 ente
492 4264 541 4314 [M
552 4280 558 4314 z
570 4265 686 4314 undecim
699 4265 832 4314 duodecim
842 4267 929 4316 decern
946 4275 970 4316 et
985 4267 1037 4317 duo
1051 4271 1078 4322 a'n
1089 4271 1200 4331 margine
1213 4269 1344 4332 adscripta
1357 4277 1414 4334 eunt
1425 4273 1451 4320 lu

162 4337 189 4384 V
198 4349 248 4386 noa
262 4341 332 4384 certo
343 4334 452 4383 indicato
466 4336 534 4388 loco.
546 4349 594 4397 qaae
604 4337 749 4396 pertineant
813 4334 846 4387 ll]
860 4337 1019 4387 tricensimus
1032 4337 1236 4398 (trecentesimus
1250 4337 1280 4398 a)
1291 4339 1332 4388 uel
1345 4341 1450 4388 trecesi-

158 4419 215 4453 mua
229 4403 497 4467 quadringentesimus
510 4403 550 4452 uel
565 4404 794 4468 quadragensimue
807 4403 888 4467 (corr.
900 4403 1136 4471 quadringesimas')
1152 4407 1176 4455 A
1230 4408 1269 4456 nel
1283 4408 1450 4474 quadragesi-

158 4487 216 4522 nitas
229 4473 252 4522 tr
287 4473 315 4519 et
332 4467 432 4534 XXXl]
444 4473 492 4522 ab
528 4473 560 4521 22
574 4474 810 4538 noningentesimus
825 4476 864 4523 uel
881 4477 1046 4540 nongesianus
1059 4484 1084 4523 et
1097 4477 1306 4540 nongentesimus
1317 4479 1414 4528 PRVA

158 4543 192 4592 at
210 4542 370 4606 dispertitiae
390 4541 450 4591 Atat.
468 4541 601 4606 dispertita
617 4557 686 4594 corr.
705 4544 846 4608 dispertiae
866 4545 889 4592 I’
904 4545 1044 4608 dispertiam
1065 4545 1141 4595 aVA
1212 4547 1245 4594 27
1263 4563 1352 4598 anneta
1373 4549 1450 4597 ΝΑ

228 4612 263 4660 att
279 4608 369 4674 τρίτοι
386 4612 470 4675 magis
485 4624 502 4666 ς
519 4606 610 4675 τριχοὶ
629 4614 711 4678 magis
733 4615 839 4663 Vinctus
921 4613 952 4663 31
973 4614 1069 4664 terdeni
1089 4615 1112 4664 ll
1197 4615 1230 4665 ai
1253 4627 1278 4664 et
1297 4633 1342 4682 per
1360 4635 1451 4683 synco-

159 4696 261 4748 ptnn-
274 4680 489 4745 quadringenteni
506 4695 553 4733 om,
575 4683 603 4730 V
678 4683 809 4732 tricenteni
826 4692 851 4731 et
868 4699 914 4749 per
928 4697 1067 4748 epicopum
1090 4684 1177 4732 triceni
1200 4685 1249 4734 HA
1271 4690 1408 4738 trecenteni
1427 4699 1452 4742 et
