3400 5325
419 171 669 232 PARTlTlONES
689 172 743 233 Xll
767 171 873 233 VERS.
894 172 978 233 AEN.
999 172 1096 234 Vllll..
1110 183 1257 238 itt-184
1430 172 1491 234 503

247 286 338 339 puero.
353 285 411 325 ue.
1011 307 1029 337 ,κ
1279 288 1401 340 oon-u
1416 290 1441 329 u.

280 357 367 417 Dum
390 374 465 433 quae
491 376 561 437 pars
586 357 725 418 orationis
754 356 819 419 est?
862 358 1037 419 adverbium
1063 358 1239 437 temporale,
1263 360 1409 437 quomodo
1433 361 1490 420 bic.
1513 359 1556 410 tst
1599 391 1612 415 t

195 466 241 519 est
266 466 363 519 autem
392 458 478 540 etiam
501 459 667 520 coniunctio
691 460 831 533 causalis,
860 460 976 538 qnando
998 477 1052 539 pro
1076 458 1127 519 ἵνα
1150 460 1259 520 Graeca
1283 462 1490 522 coniunctione

196 558 354 639 accipitur,
374 566 406 619 ut
428 559 612 637 Virgilius
634 560 664 621 in
686 560 780 639 prinae
801 561 987 622 Aeneidos

347 660 460 721 multa
483 679 630 739 quoquc
653 671 689 720 et
710 660 812 723 bello
835 681 988 741 passus,
1012 661 1092 722 dum
1116 662 1295 723 conderet
1318 663 1450 724 urbem.

139 754 143 758 ’
171 770 224 821 set
245 760 413 839 sciendum,
442 762 519 840 quod
544 761 711 822 adverbium
734 762 889 825 indicativo
913 763 1113 841 coniungitur,
1137 762 1304 825 coniunctio
1327 784 1395 843 vero
1420 764 1486 825 sub·

193 862 329 924 iunctim.
375 871 538 925 esttamen
562 862 724 953 etiampro
746 864 951 926 coniunctione
973 864 1121 944 repletiva,
1145 874 1176 925 ut

1211 966 1334 1039 Sosia,

345 1065 536 1127 adesdum:
560 1066 689 1145 paucis
711 1075 745 1127 te
764 1068 863 1141 volo,

193 1177 224 1229 et
239 1166 387 1229 ‘nedum
407 1167 464 1227 illi
485 1168 697 1247 corrruptis
716 1169 881 1230 moribus
904 1170 1083 1230 victoriae
1104 1172 1376 1247 temperarent'.
1400 1187 1434 1228 ex
1453 1188 1487 1228 eo

159 1269 343 1330 roderivatur
369 1268 489 1331 dudum.
533 1278 602 1349 post
637 1288 692 1330 nec
719 1288 836 1348 quoqne
865 1270 909 1331 vel
937 1278 1005 1350 post
1034 1288 1092 1330 nou
1122 1270 1165 1329 vel
1193 1278 1260 1349 post
1290 1270 1367 1330 haud
1392 1270 1487 1350 posita

193 1370 361 1431 adverbium
384 1377 429 1432 est
451 1370 625 1450 temporale,
648 1380 680 1431 ut
703 1372 827 1431 necdum
851 1372 981 1432 nondum
1000 1371 1077 1432 baud
1105 1371 1183 1431 dum.

277 1473 388 1533 Parte
409 1491 485 1550 quae
507 1492 576 1552 pars
598 1473 740 1533 orationis
762 1472 828 1534 est'l
855 1474 977 1534 Nomen.
1009 1471 1123 1543 Quale?
1144 1470 1364 1552 Appellativum.
1395 1472 1485 1533 Cuius
1507 1483 1555 1534 18⁵2

191 1574 323 1655 speciei?
350 1574 530 1646 Primitivae,
554 1575 671 1653 generis
694 1574 839 1643 seminini,
864 1574 978 1635 numeri
1001 1574 1170 1650 singularis,
1202 1576 1312 1650 figurae
1336 1572 1486 1652 simplicis,

193 1694 280 1737 casus
309 1674 435 1736 ablativi.
477 1676 537 1735 Cur
564 1694 634 1755 pars
661 1676 753 1755 partis
780 1674 870 1737 lacit?
908 1676 981 1747 Quia
1007 1677 1104 1736 omnia
1128 1672 1132 1758 l
1155 1675 1184 1735 in
1209 1694 1239 1735 rs
1262 1674 1305 1733 vel
1333 1674 1358 1733 ls
1385 1674 1428 1734 rel
1452 1694 1486 1735 ns

160 1776 356 1838 indesinentia
383 1777 555 1856 interposita
587 1777 607 1836 ti
638 1778 751 1838 iaciunt
776 1778 963 1855 genetivum,
999 1784 1030 1835 ut
1058 1796 1126 1857 pars
1156 1775 1262 1855 partis,
1291 1774 1357 1855 puls
1384 1774 1485 1854 pultis,

192 1896 279 1939 mons
297 1878 420 1953 montis,
444 1879 575 1959 exceptis
598 1896 613 1937 a
637 1878 725 1938 corde
745 1878 931 1958 compositis,
956 1878 1022 1955 quia
1046 1879 1063 1937 d
1084 1876 1193 1937 babent
1210 1896 1264 1957 pro
1286 1886 1310 1946 t,
1331 1884 1362 1937 ut
1385 1894 1487 1937 vecors

193 1980 341 2055 vecordis,
362 1999 485 2041 concors
509 1980 678 2053 concordis,
702 1980 815 2040 discors
837 1979 998 2055 discordis;
1022 1986 1139 2040 servant
1158 1978 1235 2037 enim
1259 1978 1393 2057 privaritivi
1416 1997 1487 2037 eon-

169 2088 345 2145 'souantem
371 2082 513 2160 genetivi:
544 2092 573 2143 et
600 2081 781 2141 dillerentiae
810 2100 899 2141 carisa
927 2082 1008 2141 lrons
1036 2080 1148 2141 lrondis
1175 2070 1194 2155 ἡ
1222 2071 1336 2155 φυλλάς
1371 2088 1400 2139 et
1421 2079 1486 2140 lens

192 2183 287 2244 lendis
314 2178 347 2243 ni
367 2182 515 2259 uovldrov3
546 2191 697 2263 praeterea
718 2182 801 2259 glans
822 2181 937 2261 glandis
961 2190 989 2241 ot
1005 2182 1147 2263 libripens
1167 2181 1357 2261 libripendis,
1381 2180 1446 2259 quia
1471 2200 1486 2241 a

154 2285 289 2365 rependo
310 2285 397 2345 verbo
417 2281 610 2365 componitur,
655 2284 714 2344 Fac
736 2282 772 2343 ab
796 2304 830 2344 eo
854 2286 931 2363 quod
955 2294 1000 2345 est
1022 2303 1090 2363 pars
1113 2284 1309 2344 ‹lerivativum
1355 2282 1486 2342 Diminu-
1506 2295 1554 2347 183

191 2387 280 2449 tivum
304 2386 463 2466 particula;
491 2384 610 2446 verbum
634 2405 701 2446 vero
730 2385 824 2464 partio
855 2392 882 2445 et
907 2384 1032 2465 partior,
1062 2386 1139 2462 quod
1163 2386 1192 2445 in
1217 2386 1318 2447 eadem
1342 2385 1487 2445 invenitur

191 2486 417 2566 significatione,
440 2495 469 2547 et
488 2506 522 2546 ex
543 2506 577 2547 eo
598 2486 760 2566 composita
782 2484 924 2566 dispertio
948 2495 975 2546 et
995 2486 1153 2566 dispertior
1175 2498 1203 2547 et
1226 2486 1361 2567 impertio
1384 2493 1413 2545 ot
1433 2486 1486 2545 im-

191 2590 309 2671 pertior.
350 2590 403 2649 llic
432 2590 468 2649 ab
492 2608 526 2649 eo
549 2589 753 2668 compositum.
798 2588 986 2668 Partieipium
1011 2596 1040 2647 et
1067 2587 1209 2669 participo
1237 2588 1395 2668 participas
1419 2606 1486 2666 pav-

190 2692 300 2772 ticipat.
341 2692 476 2753 similiter
495 2700 712 2770 componuntur
731 2691 767 2751 ab
790 2710 824 2750 eo
841 2710 946 2769 expers
961 2691 1096 2769 'expertis
1119 2700 1147 2751 et
1162 2690 1310 2769 particeps
1333 2689 1485 2768 participis

155 2814 181 2854 as
191 2803 221 2854 et
242 2795 393 2873 proportio
415 2801 444 2854 et
466 2793 620 2872 bipertitus
644 2800 673 2852 et
695 2792 857 2871 tripartitus
880 2800 909 2851 et
932 2791 1045 2851 similia.

277 2895 465 2956 Geruntur
493 2913 568 2972 quae
596 2913 664 2973 pars
698 2892 838 2953 orationis
868 2891 932 2952 ost?
978 2892 1112 2954 l'erbum.
1152 2889 1266 2962 Quale?
1306 2891 1483 2951 Perfectum.

192 2997 359 3066 Quomodo
382 2994 513 3056 dictum?
546 2995 711 3056 ludiealivo.
749 2995 838 3055 Cuius
859 2991 1092 3071 coniugationis?
1112 2993 1241 3068 Tertiae,
1264 2993 1484 3070 significationis

190 3097 338 3177 passivae,
363 3098 476 3158 numeri
495 3097 633 3176 plvualis,
660 3098 768 3173 figurae
791 3090 948 3175 simplicis,
970 3096 1111 3175 temporis
1135 3095 1315 3176 praesentis,
1338 3113 1483 3174 personae

189 3201 302 3259 tertiae.
342 3199 460 3259 Declina
489 3199 622 3258 activum.
667 3198 742 3258 Gero
769 3198 848 3276 geris
870 3197 944 3274 gerit
969 3205 997 3256 et
1025 3207 1130 3257 cetera.
1175 3201 1272 3267 Quare
1295 3196 1483 3276 praeteritum
1502 3211 1549 3261 184

155 3324 182 3365 ao
191 3300 269 3378 gessi
290 3297 398 3380 lalJcit‘l
431 3301 505 3370 Quia
527 3300 608 3362 iuro
631 3299 792 3359 desinentia
816 3299 918 3359 tertiae
936 3298 1149 3376 coniugationis
1171 3299 1201 3359 in
1224 3298 1248 3358 ri
1267 3299 1376 3359 faciunt
1398 3316 1483 3377 prae-

191 3403 308 3461 teritum
332 3401 509 3480 perlectum,
540 3410 572 3462 ut
595 3420 704 3480 quarere
727 3400 871 3478 quaesivi,
899 3409 960 3460 tero
987 3401 1066 3474 trivi,
1092 3401 1220 3479 exceptis
1245 3419 1298 3460 nro
1314 3399 1391 3472 ussi,
1414 3417 1483 3477 gero

190 3504 284 3581 gessi,
308 3522 394 3563 curro
415 3492 547 3578 'cucurri3
570 3522 604 3562 ex
627 3521 685 3580 quo
709 3503 871 3581 eonrpositn
891 3502 960 3562 licet.
982 3511 1014 3562 ut
1037 3502 1078 3561 vel
1102 3501 1252 3580 duplicent
1273 3501 1302 3560 in
1327 3499 1483 3580 praeterito

190 3607 320 3686 perlecto
343 3626 378 3666 cu
401 3604 445 3664 vel
466 3623 540 3678 non,
571 3603 695 3665 decurro
716 3603 870 3684 decucurri
893 3613 921 3664 et
943 3604 1074 3675 decurri,
1099 3622 1238 3682 percurro
1262 3601 1431 3682 percucurri
1455 3611 1483 3661 et

190 3707 331 3786 percurri.
378 3707 475 3778 Quare
499 3707 578 3784 gessi
605 3712 706 3781 gestus
729 3705 798 3765 lacit
824 3703 1031 3784 participium?
1075 3705 1228 3775 Quonvodo
1253 3714 1280 3763 et
1304 3705 1364 3764 ussi
1388 3711 1481 3764 ustus.

156 3808 318 3887 aequaesivi
341 3826 459 3885 qrvoque
485 3815 626 3884 quaestus
654 3793 670 3864 ὁ
691 3798 782 3885 πόρος
805 3807 986 3866 differentiae
1011 3825 1100 3866 causa
1128 3805 1212 3882 lacit;
1238 3823 1304 3865 narn
1331 3805 1482 3882 quaesitus

189 3900 374 3985 ὃζητηθείς.
420 3910 478 3968 Fac
504 3907 756 3985 frequentativum.
800 3908 889 3968 Gesto
915 3916 1013 3988 gestas
1035 3915 1145 3985 gestat:
1179 3903 1382 3985 aparticipiis
1406 3903 1482 3966 enim

189 4011 337 4092 praeteriti
360 4008 542 4091 plelrumquc
564 4011 638 4070 bunt
659 4009 886 4086 frequentativa:
912 4018 940 4068 et
963 4029 978 4069 a
1001 4015 1084 4086 gesto
1103 4007 1196 4086 gestio
1218 4007 1309 4086 gestis
1328 4007 1430 4083 gestit,
1453 4005 1480 4066 id

190 4121 234 4173 est
255 4121 338 4173 motu
361 4112 493 4191 corporis
517 4111 649 4190 significo
672 4109 818 4186 gaudium.
864 4110 917 4170 llic
939 4111 975 4172 ab
1000 4129 1034 4171 eo
1063 4109 1118 4169 alia
1141 4108 1305 4171 derivativa.
1347 4105 1486 4193 Gevtrlus,¹

190 4214 267 4274 unde
296 4212 481 4292 componitur
507 4210 707 4290 nugigerulus.
752 4211 820 4270 inde
849 4220 895 4271 est
923 4212 1008 4271 etiam
1039 4209 1197 4288 gesticulor
1225 4207 1409 4288 gesticulatis
1436 4207 1480 4267 vel

189 4315 365 4394 gesticulare
384 4313 575 4392 gesticulatur
603 4322 632 4374 et
653 4313 716 4392 ipsa
735 4303 792 4373 res‘
805 4311 1000 4389 gesticulatio.

258 4501 321 4552 3in
340 4501 423 4566 primo
444 4496 583 4563 Aeneidos]
606 4500 666 4548 aab
737 4496 862 4562 rsosta]
887 4496 987 4548 Terent.
1009 4483 1090 4546 Andr.
1111 4499 1119 4546 l
1140 4497 1196 4562 l,l
1270 4497 1414 4562 8pncis0

188 4569 329 4622 liberdum
347 4570 398 4620 illis
413 4570 458 4620 0:
475 4567 539 4618 Sull.
559 4569 633 4618 Cutil.
655 4568 685 4618 ll
1183 4569 1185 4574 “
