3400 5325
240 229 302 294 sao
782 227 996 310 [uniscunt]

292 346 453 398 armasse.
1323 327 1516 396 paon-arm·
1552 344 1556 350 ·

242 418 395 478 cumssexo.
441 423 546 478 acutus
576 433 702 494 namque
734 423 875 476 accentus
904 415 969 476 ideo
1002 416 1139 476 inventus
1166 423 1227 489 ost,
1256 415 1334 492 quod
1361 421 1446 500 acuat
1479 413 1544 474 siue

243 519 336 579 elevet
359 516 514 596 syliabanu
543 517 639 594 grauis
664 536 732 578 vcro
751 535 803 589 eo,
824 518 903 594 quod
928 515 1072 597 deprimat
1091 525 1141 578 aut
1162 517 1304 597 deponat;
1333 516 1543 577 circumflexus

243 621 324 693 ideo,
354 619 430 698 quod
460 619 659 698 depr-innatet
679 617 694 698 ΙΙ
713 627 808 680 acuat.
854 628 924 678 suut
949 635 1074 696 namque
1099 618 1200 678 decern
1224 626 1379 690 accentus,
1401 635 1477 696 quos
1500 618 1543 677 ita

243 721 313 782 buic
337 721 418 800 operi
444 719 564 798 (tignum
594 718 754 779 existimari
782 727 966 799 praenotare.
1011 721 1151 781 accentus
1179 727 1283 780 acutus
1314 718 1422 796 virgula
1451 729 1496 778 est
1523 737 1541 778 a

148 880 157 898 ,
245 822 362 883 sinistra
388 831 470 902 parte
498 821 527 882 iu
558 821 707 880 ‹terteram
727 827 840 898 partein
870 822 957 881 ducta
979 839 1111 882 sursum:
1138 823 1170 882 sut
1192 839 1316 898 namque
1337 820 1376 878 ita
1397 823 1420 893 J.
1443 820 1567 897 grauiss

212 933 261 984 tta
281 942 395 984 sumrno
416 924 446 983 in
468 923 616 982 dexteram
634 920 807 1001 deprimitur
824 921 862 982 ita
879 927 905 996 t.
937 909 1143 984 circumflexus
1161 930 1229 984 nota
1251 921 1287 980 do
1307 930 1392 982 actito
1414 927 1443 980 et
1462 922 1544 998 gravi

245 1025 336 1098 facta,
360 1023 500 1085 scribitur
521 1024 560 1084 ita
579 1029 620 1099 Λ.
653 1022 760 1100 longus
779 1033 825 1083 est
845 1023 956 1101 uirgato
976 1022 1086 1096 iacens,
1107 1024 1145 1084 ita
1166 1059 1209 1084 —.
1246 1023 1342 1084 brevis
1366 1021 1474 1101 virgula
1496 1031 1547 1082 est

246 1145 315 1206 pars
340 1125 441 1187 circuti
466 1125 565 1186 iacens
591 1123 724 1196 interior,
755 1125 793 1184 ita
810 1143 843 1194 υ.
890 1125 1021 1204 bypbeu,
1051 1143 1125 1202 quae
1152 1125 1318 1185 coniunctio
1342 1123 1461 1194 dicitur,
1486 1143 1547 1202 qua

247 1233 318 1287 tunc
340 1224 467 1300 utimur,
495 1227 610 1304 quando
636 1227 693 1286 duo
718 1225 804 1286 verba
832 1227 1029 1287 connectimus:
1058 1235 1103 1286 cst
1131 1244 1257 1304 namque
1278 1224 1410 1286 subiecta
1432 1225 1547 1303 virgnia

246 1329 342 1389 versui
370 1329 573 1400 circumflexa,
602 1328 643 1387 ita
675 1365 723 1387 ψ.
768 1327 906 1400 diastole,
931 1346 1006 1405 qnae
1028 1328 1184 1388 disiunctio
1203 1325 1307 1386 Latine
1330 1326 1444 1400 dicitur,
1467 1341 1587 1404 quaero

214 1430 392 1490 ‘tcontraria
415 1437 541 1508 separat,
563 1429 681 1490 dextera
703 1448 772 1509 pars
790 1429 891 1490 circuli
914 1430 1065 1508 supposita
1089 1429 1200 1499 versui,
1228 1429 1260 1488 ut
1280 1428 1320 1489 ita
1343 1447 1365 1488 a.
1411 1437 1550 1511 apostro-

248 1531 323 1610 pbos
346 1550 415 1610 pars
442 1532 512 1590 item
538 1531 639 1591 circuti
662 1531 780 1591 dextera
801 1531 837 1590 ad
862 1549 1006 1592 summam
1028 1531 1152 1598 litteram
1177 1529 1309 1610 apposita
1331 1539 1392 1602 est,
1416 1547 1491 1606 quae
1512 1531 1550 1590 srt

247 1633 287 1692 ita
306 1651 335 1708 η
358 1650 415 1711 qua
439 1639 507 1692 nota
533 1632 716 1693 ostendimus
744 1631 875 1692 ultimam
905 1631 1033 1693 vocalem
1057 1632 1131 1711 parti
1155 1629 1294 1692 orationis
1314 1631 1434 1702 tteosse,
1461 1630 1550 1691 euius

249 1737 418 1796 consonans
446 1740 593 1806 remanet,
622 1741 654 1794 ut
682 1733 808 1795 tribunal
832 1753 886 1813 pro
909 1733 1061 1794 tribunale.
1106 1735 1201 1803 dosia,
1229 1733 1307 1811 quod
1338 1733 1551 1810 interpretatur

248 1835 387 1915 aspiratio
416 1835 460 1896 vei
489 1833 539 1894 ubi
566 1835 586 1894 b
608 1834 704 1896 littera
728 1836 797 1916 poni
825 1835 927 1908 debet,
954 1836 1011 1896 bac
1033 1836 1124 1913 figura
1149 1843 1265 1896 notatur
1290 1839 1314 1908 t».
1355 1832 1444 1912 psite,
1467 1835 1548 1911 quod
1564 1852 1588 1892 rs

254 1937 465 2016 interpretatur
485 1936 605 1997 siccitas
619 1937 663 1996 ret
678 1955 782 2016 pamm
803 1936 847 1997 vel
865 1937 912 1996 ubi
933 1935 1064 1996 blittero
1088 1936 1192 1998 deesse
1214 1937 1311 2008 debet,
1334 1935 1389 1994 bac
1411 1943 1480 1995 nota
1495 1935 1552 1996 rte-

250 2045 429 2098 moustratur
443 2037 471 2112 t.
495 2038 664 2111 notandum,
680 2039 758 2116 quod
772 2046 876 2098 acutus
892 2047 1033 2098 accentus
1047 2039 1122 2116 apud
1139 2037 1260 2098 Latinos
1276 2039 1335 2098 ‹tuo
1355 2037 1419 2098 ioca
1439 2045 1550 2104 teneat,

250 2137 462 2218 paenultirnum
479 2147 507 2198 et
523 2140 814 2219 antepaenultimum,
828 2139 905 2218 apud
922 2141 1050 2200 Graecos
1067 2157 1134 2200 vero
1150 2138 1439 2217 antepaenultimum,
1457 2157 1553 2217 praen-

218 2247 235 2297 8
254 2239 387 2300 ultimum
407 2249 437 2300 et
450 2238 599 2315 ultimum3
617 2242 823 2302 circumflexus
839 2247 936 2300 auteur
957 2241 1170 2319 paenultimam
1187 2249 1308 2301 tantum.
1333 2240 1450 2320 porutur
1466 2257 1553 2300 mua-

251 2359 309 2418 que
335 2340 431 2416 gravis
453 2340 484 2400 in
514 2341 614 2400 cadem
645 2342 774 2403 dictione
802 2341 846 2400 vet
876 2359 942 2402 cnm
972 2351 1057 2403 acuto
1079 2342 1123 2403 vet
1146 2342 1348 2416 circumflexo,
1373 2341 1425 2402 sed
1449 2347 1586 2402 tauream

251 2461 311 2502 nou
339 2441 369 2501 in
396 2460 454 2501 una
477 2441 596 2520 syllaba.
641 2444 814 2504 observatur
834 2426 960 2522 namque
988 2463 1064 2504 unus
1085 2432 1225 2505 occentus
1248 2444 1277 2503 in
1300 2443 1421 2519 integris
1446 2443 1554 2503 dictio-

253 2542 358 2616 nibus,
382 2550 413 2602 ut
432 2543 582 2604 Rorrranus
607 2545 772 2625 iiispauus,
795 2543 1019 2624 incompositis
1042 2563 1110 2605 uero
1135 2565 1210 2606 arnus
1230 2545 1378 2617 similiter,
1403 2553 1435 2605 ut
1460 2544 1553 2605 maie-

253 2666 343 2707 sanus
369 2644 547 2707 mtereaiori.
582 2646 634 2707 sed
656 2647 685 2707 in
705 2645 958 2709 mtcriectiouibus
981 2656 1008 2707 et
1031 2648 1060 2707 in
1083 2647 1245 2727 peregrinis
1267 2647 1361 2707 uubis
1385 2654 1413 2706 et
1432 2647 1461 2707 iu
1485 2647 1554 2707 bar-

253 2747 333 2808 baris
354 2747 521 2808 nominibus
536 2744 550 2829 ΙΙ
565 2748 636 2809 nulii
656 2750 728 2810 certi
745 2758 814 2810 sum
831 2758 987 2823 essentne,
1007 2750 1131 2827 ideoque
1153 2748 1180 2808 iu
1202 2757 1346 2827 potestate
1365 2749 1554 2810 uniuscuius-

256 2868 314 2927 que
337 2848 473 2909 consistit
498 2857 547 2923 ut,
573 2851 721 2927 quomodo
742 2850 942 2911 necessarium
964 2851 1082 2926 viderit,
1109 2851 1153 2911 sic
1179 2850 1208 2911 in
1230 2860 1324 2909 metro
1346 2859 1445 2930 ponat.
1492 2860 1589 2912 tresis

255 2951 371 3029 quidem
389 2970 438 3011 res
460 2959 633 3011 accentuum
654 2951 771 3029 regestas
788 2952 978 3026 conturbant,
1002 2951 1198 3029 distinguendi
1219 2954 1307 3024 ratio,
1329 2950 1548 3033 pronuntiandi

254 3052 429 3130 ambiguitas
450 3060 537 3129 atque
554 3054 727 3113 necessitas.
761 3054 813 3113 scd
829 3054 953 3132 qualiter
968 3054 1041 3115 baec
1063 3056 1148 3127 bant,
1168 3052 1359 3114 intimandum
1381 3063 1436 3115 est.
1474 3056 1549 3115 ratio

256 3172 384 3231 namque
406 3153 604 3231 distinguendi
624 3155 718 3232 legem
742 3165 915 3217 accentuum
940 3174 1029 3235 saepe
1051 3155 1221 3225 conturbat,
1241 3156 1333 3233 siquis
1355 3158 1553 3235 prorurntians

254 3256 333 3316 dicat
360 3259 437 3335 ponc
465 3262 496 3314 et
517 3261 603 3333 ergo,
633 3256 712 3334 quod
734 3257 812 3335 apnd
834 3258 953 3319 Latinos
975 3258 1004 3317 iu
1033 3256 1132 3318 ultima
1157 3257 1264 3336 spliaba
1285 3257 1341 3318 uisi
1365 3258 1552 3319 discretionis

256 3376 346 3417 causa
368 3366 508 3443 accentus
536 3358 605 3436 poni
633 3378 692 3418 non
709 3367 821 3438 potest:
850 3380 884 3421 ex
905 3361 961 3421 noe
983 3369 1046 3431 est,
1069 3360 1146 3436 quod
1171 3358 1296 3419 elisimus
1320 3362 1397 3437 pom·
1421 3370 1450 3419 et
1472 3366 1589 3437 erguao

258 3458 324 3517 ideo
347 3461 426 3537 ponc
443 3456 585 3531 dicimus,
605 3479 642 3519 ne
660 3467 780 3540 putetur
798 3461 917 3521 uerbum
937 3480 1003 3521 esse
1023 3461 1183 3541 imperativi
1199 3460 1293 3529 rurodi,
1314 3461 1372 3520 boc
1393 3470 1438 3521 est
1461 3470 1555 3540 prtum

225 3564 332 3637 bergo
355 3560 422 3619 ideo
449 3560 588 3630 dicimus,
613 3580 650 3621 ne
672 3569 792 3641 putetur
814 3552 981 3623 coniunctio
1004 3561 1169 3634 rationalis,
1200 3562 1276 3639 (puori
1301 3569 1346 3621 est
1369 3566 1448 3640 ergo.
1495 3582 1556 3623 arrr-

259 3661 387 3739 biguitas
414 3680 482 3721 vero
508 3662 717 3741 pronuntiandi
739 3664 833 3742 tegeno
857 3671 1032 3725 accentuum
1055 3682 1145 3742 saepe
1168 3664 1338 3735 noriturbat,
1363 3664 1456 3742 siquis
1479 3665 1557 3729 «licat

257 3762 443 3853 interealoci:
466 3763 516 3839 qui
532 3763 639 3831 nescit,
659 3765 780 3825 alteram
796 3774 908 3845 partem
926 3765 1002 3825 dicat
1020 3765 1147 3837 interea,
1169 3744 1289 3825 alteram
1305 3764 1377 3837 ioci,
1395 3768 1474 3842 qrrod
1497 3786 1556 3826 urm

157 3899 164 3911 ι
249 3864 417 3945 separatim
444 3864 495 3924 sed
524 3863 579 3925 sub
609 3884 667 3925 eruo
695 3876 818 3927 accentu
845 3865 1094 3943 proruuntiauelum
1124 3874 1188 3939 est,
1216 3886 1253 3927 uc
1282 3866 1500 3944 ambiguitatem
1526 3870 1590 3928 insu

259 3986 395 4027 sermone
413 3967 513 4027 saciat,
535 3966 697 4027 necessitas
713 3966 960 4046 pronuntiationis
975 3966 1104 4044 reperiam
1125 3968 1301 4047 corrumpit,
1324 3976 1354 4028 ut
1371 3977 1440 4047 puta
1464 3970 1558 4046 siquis

258 4068 336 4128 dicat
359 4067 389 4127 in
409 4067 512 4147 primis
535 4068 766 4140 doctus,·addat
785 4088 843 4146 qam
865 4068 1100 4129 coniunctionem
1124 4068 1259 4146 dicatrjue
1281 4070 1461 4145 uirtuisque,
1487 4090 1557 4130 erce

258 4169 289 4229 in
319 4169 555 4250 pronuntiatione
583 4180 736 4230 accentum
765 4170 901 4244 mutavit,
927 4188 993 4231 cuur
1024 4190 1080 4230 non
1106 4170 1135 4230 iu
1162 4172 1291 4230 secunda
1318 4170 1426 4249 sptiaba
1453 4172 1505 4233 seri
1527 4174 1556 4232 in

328 4357 345 4405 4
362 4363 451 4406 neritus
463 4364 583 4405 accentus
602 4365 641 4405 est
658 4368 716 4404 rroto
735 4372 751 4404 a
769 4357 873 4406 sinistra
892 4366 962 4422 parte
980 4357 1004 4404 iu
1025 4365 1121 4421 partein
1142 4356 1272 4405 dexteram
1293 4356 1395 4423 nirgnta
1412 4357 1487 4406 dareta
1501 4374 1556 4407 sur-

260 4426 360 4475 sumG
444 4424 790 4475 basumnrosinistraeG
877 4428 990 4490 ilonga
1011 4426 1491 4491 uetlougusaeceutusGtongaH

260 4494 292 4543 14
311 4494 400 4543 dasian
413 4494 466 4543 GH
535 4494 718 4544 lantonem
786 4496 815 4543 '21
839 4496 990 4545 obseruator
1011 4510 1121 4556 rrarruque
1147 4505 1350 4563 arrrus'aceentus
1371 4510 1388 4550 ς
1407 4498 1557 4545 obseruator

260 4578 370 4625 namque
389 4563 539 4612 obseruator
557 4572 641 4613 certus
658 4572 778 4613 accentus
797 4565 819 4613 G
838 4565 990 4613 obserantur
1011 4578 1067 4613 uani
1086 4574 1206 4613 neueutns
1227 4564 1252 4611 II
1321 4566 1355 4613 25
1375 4566 1518 4613 consistant
1537 4566 1557 4613 G

277 4702 282 4712 .
322 4632 447 4751 ΙιιΙίὶὶυιιιτ
471 4633 509 4682 sio
531 4634 557 4681 in
583 4643 663 4683 metro
685 4643 795 4698 pouatnr
816 4633 842 4681 H
920 4644 979 4715 ¹tres
1004 4634 1133 4697 siqnidem
1155 4633 1207 4683 GH
1291 4634 1325 4683 28
1346 4634 1480 4683 conturbat
1497 4634 1554 4683 dum

262 4716 343 4765 srqrus
1547 4718 1553 4728 ·
