3400 5325
250 207 312 268 500
804 210 990 272 rltlscmill

319 323 468 364 umor.
1358 353 1363 364 .
1401 325 1495 366 cava.

252 335 401 474 speluncis.
445 393 548 454 Tracta
578 383 710 470 nitidulus
738 394 839 474 pedes.
883 397 976 474 Atque
1012 417 1045 458 ea
1078 395 1209 475 dactylus
1243 416 1277 457 er
1312 328 1489 472 ndawlonga
1520 407 1554 456 et

252 495 365 557 duabus
382 494 520 556 brevibus
534 503 563 555 et
581 503 689 556 cetera.
713 495 791 566 Quot
811 505 910 586 partes
931 497 1071 558 orationis
1091 497 1178 558 habet
1197 495 1253 558 iste
1269 495 1392 560 versus?
1415 497 1552 576 Septem.

253 599 330 668 Quot
350 594 489 658 nomina?
512 596 586 658 nuo.
621 595 725 667 Quae?
748 597 868 659 Diversa
887 607 916 659 et
939 607 1030 677 parte.
1077 599 1157 670 Quot
1178 597 1286 660 verba?
1314 599 1416 672 l'nnm,
1440 616 1555 676 gerun-

251 709 307 758 tur.
353 699 431 768 Quot
452 697 649 777 pronomina?
677 697 785 772 l'uum,
807 718 852 760 ea.
898 699 977 770 Ouot
999 698 1155 760 adverbia?
1178 699 1256 772 llun,
1279 699 1395 780 penitus
1419 708 1449 758 et
1466 699 1551 759 dnm.

253 799 333 868 Quot
353 797 597 860 coniunctiones?
630 798 732 872 Vnam,
755 807 852 878 atque.
898 801 1003 860 Tracta
1026 801 1158 880 singulas
1181 811 1290 881 partes.

184 901 235 952 170
336 905 452 978 Atque
480 918 555 978 qnae
584 919 651 980 pars
681 902 822 962 orationis
850 900 917 962 est?
960 903 1143 964 Coniunctio.
1185 901 1275 964 Cuius
1303 910 1349 962 est
1371 900 1553 982 potestatis?

252 1001 450 1082 llopnlativae.
487 1002 599 1062 ordinis
624 1003 805 1075 communis,
833 1011 894 1064 tam
922 1003 1108 1084 praepositivi
1127 1021 1214 1082 quarn
1238 1004 1439 1082 postpositivi,
1468 1003 1553 1064 inve-

251 1104 338 1164 nitur.
384 1103 436 1164 sed
466 1121 533 1164 raro
560 1104 763 1182 postponitur,
792 1103 938 1180 quoruodo
965 1106 1061 1166 etiam.
1099 1105 1137 1166 Et
1157 1104 1226 1182 quid
1249 1105 1372 1165 interest
1392 1104 1470 1166 inter
1491 1123 1553 1182 que

251 1213 281 1263 et
298 1223 333 1264 ac
355 1213 383 1264 et
404 1203 511 1282 atquc?
535 1205 684 1283 Quinque
707 1223 824 1284 semper
837 1207 1029 1284 postpositiva
1046 1215 1090 1268 est
1109 1209 1115 1288 Ι
1134 1213 1164 1266 et
1184 1205 1317 1266 enclitica
1344 1215 1374 1266 et
1403 1206 1554 1284 significat

251 1323 310 1365 non
333 1305 421 1365 modo
442 1313 471 1365 et
493 1305 653 1366 sedetiam
674 1326 705 1364 τε
725 1305 880 1379 Graecam,
900 1308 1016 1384 quando
1039 1307 1177 1388 repletiva
1199 1315 1252 1366 est.
1297 1325 1332 1366 ao
1353 1313 1449 1368 autem
1471 1325 1553 1368 sem-
1566 1327 1588 1363 u·

251 1425 305 1486 per
326 1405 521 1486 praepositiva
544 1415 636 1466 estet
656 1405 800 1486 accipitur
818 1408 905 1467 etiam
926 1427 978 1488 pro
1002 1409 1139 1470 adverbio
1162 1395 1552 1486 similitudinis,'qnomodo

252 1517 356 1586 atque,
379 1509 462 1568 utin
486 1508 570 1569 tertio
592 1509 780 1570 Aeneidos

403 1609 499 1670 lraud
520 1627 632 1669 secus
651 1629 692 1670 ac
713 1610 809 1670 iussi
833 1611 988 1672 iaciunt.

252 1721 281 1772 et
303 1719 400 1772 antem
423 1720 478 1770 tam
501 1710 694 1792 praepositiva
716 1731 803 1790 qnam
823 1713 1015 1790 postpositiva
1039 1711 1254 1792 copulationem
1277 1710 1370 1772 solam
1393 1711 1551 1789 significat.

252 1812 343 1873 Cuius
373 1820 418 1872 cst
446 1814 557 1889 figurae
586 1810 697 1890 atque?
735 1814 933 1892 Compositae.
979 1813 1022 1872 Er
1042 1811 1174 1890 quibus?
1215 1811 1258 1872 Ex
1278 1813 1394 1876 duobus
1417 1813 1551 1890 integris,
1564 1834 1588 1872 rs

251 1922 281 1974 at
301 1921 331 1974 et
352 1931 419 1992 qne.
458 1913 551 1982 Quem
568 1913 655 1972 habet
677 1913 852 1975 accentum?
888 1915 1084 1994 Praepositira
1105 1911 1202 1975 omnis
1225 1913 1393 1976 coniunctio
1416 1923 1446 1974 et
1464 1932 1553 1992 prae-

225 2039 232 2050 ·
251 2015 358 2094 positio
381 2023 535 2092 gravatur,
557 2014 749 2094 postpositiva
771 2026 869 2076 autem
894 2017 1061 2094 generalem
1083 2024 1236 2078 accentum
1260 2024 1355 2076 servat
1378 2013 1550 2076 dictionum.

187 2120 232 2169 171
338 2115 386 2176 Ea
407 2134 481 2192 qnae
500 2135 568 2195 pars
588 2115 730 2176 orationis
752 2115 817 2177 cst?
839 2117 1015 2178 Pronomen.
1057 2115 1170 2187 liuale‘l
1192 2117 1416 2178 Subiunctivnm
1439 2115 1484 2174 vel
1503 2133 1553 2174 re-

251 2218 378 2278 lativum.
421 2216 601 2277 Primitivnm
625 2226 671 2276 est
698 2237 734 2278 an
760 2215 973 2278 derivativum?
1003 2217 1193 2279 Primitirum.
1234 2219 1313 2288 Qum
1345 2224 1415 2278 sunt
1441 2235 1552 2295 prono-

251 2319 329 2379 mina
358 2317 578 2379 indubitabilia‘l
614 2318 761 2379 Primitiva
787 2319 906 2396 quidem
933 2327 1014 2394 octo,
1041 2320 1153 2399 primae
1180 2335 1325 2398 personae
1348 2338 1454 2392 unum,
1479 2337 1586 2396 ego;·.o

251 2419 399 2481 secundae
420 2438 526 2493 unum,
549 2428 599 2496 tu;
621 2417 724 2480 tertiae
747 2439 812 2492 sex,
834 2420 883 2480 ille
904 2421 968 2500 ipse
991 2420 1046 2481 iste
1067 2421 1114 2480 nic
1138 2420 1164 2480 is
1187 2420 1243 2480 sui.
1287 2419 1324 2480 Et
1344 2439 1434 2498 quare
1456 2420 1551 2499 prima

251 2529 281 2582 et
306 2521 436 2581 secunda
462 2539 587 2600 persona
616 2520 748 2599 singulas
770 2521 880 2581 habent
902 2541 1005 2596 voces,
1034 2522 1119 2583 tertia
1142 2529 1239 2582 auteur
1260 2529 1303 2582 tot
1325 2530 1354 2582 et
1377 2530 1435 2580 tarn
1455 2519 1551 2581 diver—

251 2619 321 2704 sas?
360 2621 434 2692 linia
461 2622 555 2703 prima
580 2635 610 2684 et
634 2624 763 2685 secunda
794 2633 965 2703 praesentes
996 2643 1113 2703 semper
1135 2619 1278 2707 suntllet
1301 2623 1380 2684 iuxta
1403 2641 1435 2683 se
1459 2622 1552 2685 collo-
1593 2607 1600 2620 ⁶

252 2732 356 2785 cantur
379 2732 408 2784 et
434 2724 680 2786 demonstrativae
708 2734 795 2801 sncl;
829 2726 914 2786 tertia
944 2746 1011 2787 vern
1041 2726 1128 2787 modo
1164 2724 1243 2785 iuxta
1272 2724 1433 2785 collocatur
1462 2726 1551 2787 modo

251 2826 352 2905 longe,
386 2825 473 2888 modo
499 2844 641 2905 praesens
670 2827 758 2887 modo
787 2827 911 2896 absens,
941 2827 1028 2887 modo
1052 2824 1280 2889 demonstrativa
1309 2826 1397 2887 modo
1430 2826 1586 2887 relativam

189 2934 238 2983 lta
253 2930 342 2988 modo
363 2927 527 2987 discretiva.
572 2926 649 2997 uuir
670 2927 795 2990 interest
816 2928 894 2988 inter
915 2928 964 2989 hic
986 2937 1014 2988 et
1035 2929 1090 2989 iste
1112 2936 1141 2987 et
1163 2926 1209 2987 is?
1232 2927 1307 2996 Quia
1329 2928 1377 2989 hic
1401 2928 1551 3009 praeposi-

251 3030 341 3089 tivum
356 3036 402 3089 est
420 3037 450 3089 et
470 3027 729 3089 demonstrativum
745 3039 775 3089 et
793 3030 824 3089 in
846 3030 1042 3090 declinatione
1064 3028 1214 3089 coruinum
1238 3035 1262 3088 a'
1276 3029 1476 3107 grammaticis
1495 3048 1550 3107 pro

252 3128 375 3191 articulo
396 3129 554 3209 accipilnr3
577 3130 633 3191 iste
654 3149 724 3190 vero
745 3129 1007 3191 demonstrativum
1031 3138 1091 3203 ost,
1121 3130 1146 3191 is
1166 3130 1385 3191 subiunctirum
1409 3131 1452 3190 vel
1475 3131 1551 3191 rola-

252 3232 350 3291 tivnm.
396 3229 443 3289 illc
469 3239 565 3309 potest
588 3238 617 3291 et
638 3232 669 3291 in
688 3231 755 3291 loco
777 3230 874 3307 aliquo
903 3232 990 3311 longe
1013 3233 1108 3312 posito
1133 3250 1200 3293 esse
1221 3231 1499 3305 demonstrativum,
1523 3241 1553 3291 et

251 3332 402 3393 relativum
430 3340 528 3410 potest
553 3340 651 3392 tamen
678 3331 755 3393 idem
778 3352 845 3393 esse
868 3342 896 3393 et
919 3351 986 3393 curn
1011 3332 1206 3410 significantia
1227 3332 1322 3410 aliqua
1351 3333 1492 3412 prinlum,
1519 3343 1586 3397 utm

251 3432 433 3511 Virgilius
455 3434 485 3493 in
507 3433 836 3512 septimerneidos
897 3476 899 3481 .
1271 3510 1274 3517 ,

736 3602 739 3605 ,
844 3536 901 3596 sic
924 3535 1099 3614 luppiter
1122 3534 1186 3596 ille
1210 3533 1397 3596 monebat.

250 3636 315 3715 ipse
343 3644 439 3696 autem
472 3642 501 3695 et
533 3635 685 3696 relativum
715 3646 743 3696 et
771 3636 957 3699 discretivum
987 3645 1046 3697 est:
1080 3636 1235 3714 relativum
1264 3644 1324 3709 est,
1353 3645 1385 3696 ut
1414 3636 1491 3697 idem
1522 3638 1551 3699 in

251 3738 355 3798 eodem

402 3820 484 3900 ipse
506 3821 609 3883 modo
632 3825 794 3895 Aeneas,
815 3824 939 3883 nostri
963 3822 993 3882 si
1014 3830 1119 3882 tauta
1145 3819 1280 3902 cupido
1305 3831 1378 3897 est;
1561 3866 1587 3904 ³3

249 3923 436 3984 discretivum
469 3930 530 3997 est,
557 3932 590 3983 nt
624 3942 678 4001 ego
706 3924 786 4001 ipse,
816 3932 846 3984 tu
873 3924 951 4003 ipse,
980 3922 1029 3985 ille
1057 3921 1137 4003 ipse:
1166 3923 1243 3985 idern
1266 3925 1297 3983 in
1330 3923 1461 3986 secundo
1485 3926 1553 3985 de·

251 4024 388 4086 neidos

1566 854 1579 890 3

320 4192 483 4255 8qnomodo
508 4192 582 4242 etiam
609 4200 632 4241 et
656 4201 681 4241 et
706 4193 765 4255 quia
780 4228 787 4241 .
803 4193 869 4252 Quid
892 4195 1033 4251 interest5
1106 4194 1135 4245 ll
1157 4194 1284 4258 quomodo
1304 4204 1395 4258 atque,
1416 4194 1550 4247 Terentius

251 4266 301 4310 ‘ne
320 4262 396 4310 simili
419 4271 521 4310 utamur
544 4260 648 4310 fortuna
672 4272 748 4325 atque
773 4264 814 4311 usi
833 4267 938 4313 sumus’
961 4264 1073 4323 (Pinna.
1091 4270 1158 4327 prot.
1178 4266 1222 4327 31)
1238 4265 1373 4313 .similiter
1396 4266 1500 4329 ponitur
1523 4280 1552 4313 ac

251 4346 405 4396 proquam,
424 4330 530 4379 utillud
548 4330 572 4378 iu
593 4331 666 4379 tertio
687 4332 815 4380 Aeneidos
836 4334 1022 4383 Liudeuranunr
1041 4350 1054 4383 e
1073 4335 1158 4383 codiee
1174 4335 1196 4382 L
1270 4335 1300 4383 Γ)
1320 4334 1344 4383 in
1363 4336 1436 4383 terrio
1457 4335 1550 4383 neuu-

251 4398 308 4464 dos]
335 4417 358 4452 o.
375 4399 426 4450 ’236
499 4399 530 4449 1⁴1
556 4409 660 4448 seruant
683 4400 748 4450 CGS
820 4401 850 4450 18
873 4403 913 4449 nel
941 4402 1073 4451 relatiuam
1094 4404 1134 4451 uel
1156 4402 1308 4452 redditiuunr
1330 4402 1351 4451 0
1419 4404 1452 4451 23
1473 4403 1551 4451 collo-

251 4478 341 4517 cantur
357 4469 400 4516 rb
423 4469 580 4516 collocuntur
598 4469 619 4517 (ι’
641 4469 858 4530 colloqrrnntan
880 4471 1067 4533 conloquuntur
1089 4472 1110 4521 G
1197 4474 1230 4521 rt
1250 4472 1387 4521 collocatur
1402 4472 1446 4521 aL
1472 4472 1549 4520 collo-

251 4538 336 4599 quitur
353 4538 397 4587 GS
420 4538 616 4599 conloquitan
690 4539 724 4587 28
746 4538 787 4585 uel
812 4540 947 4588 reintiuum
966 4540 1006 4587 uel
1031 4540 1186 4589 redditimun
1206 4542 1246 4589 CS
1315 4541 1350 4591 ‘29
1373 4548 1397 4589 et
1417 4542 1549 4589 relatiunm

250 4608 291 4654 uel
309 4606 463 4654 redditinum
483 4606 522 4655 GS
591 4606 625 4655 30
648 4615 732 4671 potest
750 4622 795 4655 om.
816 4608 837 4656 G
909 4608 940 4658 31
961 4610 986 4657 in
1011 4610 1120 4674 septimo
1143 4607 1284 4674 Aeneidos]
1308 4626 1331 4658 o.
1352 4608 1401 4659 ΗΟ
1472 4608 1506 4659 33
1525 4611 1549 4657 in

251 4672 352 4737 eodem]
379 4688 403 4726 o.
422 4673 473 4725 233
544 4672 578 4724 33
594 4674 620 4722 in
638 4674 751 4725 necundo
771 4676 914 4742 Aeneidos]
932 4678 989 4727 mo
