3400 5325
736 216 948 277 PRAEFATIO

392 406 456 462 cles
477 406 542 476 cpit
562 407 671 475 amns,
691 405 800 464 dormit
819 405 966 465 hodierna
984 408 1129 465 rrctncris:

391 504 492 564 Dicriil
507 504 561 564 lios
577 504 654 577 fecit
670 508 768 566 lacios
786 510 907 581 aperire
928 508 1048 567 libellos.

189 608 345 663 secuntur
368 600 391 663 i.
420 605 551 664 111*-
565 604 644 665 113*
665 601 806 666 Ausonii
825 601 1107 689 technopaegnion
1129 603 1228 685 liber,
1262 608 1409 667 Ausonias
1425 624 1489 683 pa-

188 712 316 764 calo-
335 715 405 766 nota
425 708 590 767 caledoniis
611 708 735 767 nuribus
753 710 896 768 muliebre
917 710 1020 781 decas,
1042 714 1073 767 et
1095 704 1266 767 duodecim
1289 725 1405 769 versus
1422 702 1487 767 Lu·

189 803 279 865 cani:
300 802 324 867 i.
352 808 516 868 114-115
539 826 669 869 carmen
693 804 733 869 de
753 803 972 891 ponderibus,
1000 813 1066 869 item
1083 812 1233 885 prisciani
1252 812 1328 870 liber
1352 811 1390 870 dc
1404 826 1488 885 pon-

188 908 310 967 deribus
329 915 360 967 el
377 913 526 970 mensuris
543 928 585 971 cc
605 927 695 985 opere
715 913 809 983 rufini
828 911 1029 983 calfaciunt.
1057 912 1095 971 dc
1110 912 1297 986 ponderibus
1316 920 1346 971 ct
1366 928 1469 970 naensn

187 1012 241 1068 ris.
263 1009 536 1086 Pondercpconiis
555 1014 680 1071 —sinc
701 1015 804 1086 aquis:
827 1007 851 1071 f.
876 1008 1079 1071 115*-120*
1099 1016 1166 1072 ilem
1189 1014 1263 1073 liber
1282 1014 1430 1087 prisciani
1447 1013 1490 1071 nd

187 1111 332 1170 1110001110
354 1112 392 1171 dc
409 1115 519 1186 fipuris
539 1128 741 1174 numeroram.
773 1114 861 1173 Omni
879 1148 922 1158 —
944 1118 1141 1189 sccanpclom
1161 1122 1189 1174 cl
1209 1117 1334 1174 similia:
1362 1111 1384 1173 1.
1410 1109 1488 1175 120*

187 1209 312 1271 -126*
335 1209 495 1273 Prisciani
520 1212 848 1297 praeexercitamina,
868 1215 985 1275 Fabula
1005 1222 1048 1275 est
1067 1250 1108 1259 -
1129 1218 1288 1289 inploriurn
1307 1220 1365 1273 est:
1385 1208 1486 1273 1111

188 1314 312 1375 -130*
335 1308 446 1373 Rufini
469 1309 510 1373 de
532 1310 868 1375 11101111Το1011111011
894 1310 997 1378 libelli
1019 1334 1111 1399 pars,
1136 1334 1238 1377 stersus
1253 1319 1346 1389 ratini
1358 1334 1389 1397 p.
1405 1313 1486 1373 2700

188 1450 230 1460 -
252 1417 384 1476 rhetores
412 1423 519 1491 aptant
546 1434 578 1497 p.
602 1417 702 1476 2715:
740 1412 764 1475 f.
790 1412 1007 1477 tam-134*
1029 1415 1280 1476 commentarius
1301 1412 1341 1475 do
1363 1412 1487 1490 metris,

188 1515 335 1579 carmina
354 1512 513 1599 quaedam
536 1515 676 1595 minora,
701 1514 742 1577 (10
765 1511 905 1598 pedibus
924 1513 1180 1600 pentasyllabis,
1208 1512 1249 1577 de
1268 1512 1487 1585 declinatione
1579 1521 1583 1529 '

188 1612 489 1680 commentariolus:
524 1614 547 1677 f.
571 1616 685 1677 135-
700 1617 758 1679 144
780 1614 942 1677 Prisciani
970 1616 1166 1699 periegesis,
1199 1621 1304 1695 incipit
1325 1619 1488 1693 periepcsis

184 1722 335 1796 prisciani
351 1722 551 1793 prcnmcaci.
578 1720 711 1779 Naturae
729 1722 847 1793 penilcr
866 1752 909 1763 --
925 1722 1066 1793 praemia
1093 1722 1193 1779 donet:
1229 1716 1252 1779 f.
1283 1718 1412 1778 1111-
1427 1717 1486 1776 151

188 1818 329 1881 Serenus
351 1816 392 1879 de
412 1816 592 1898 medicina,
615 1822 744 1881 disticon
764 1822 986 1895 exemplatoris.
1030 1822 1235 1881 Multimodum
1261 1856 1295 1864 -
1315 1822 1404 1896 pcllit
1423 1835 1488 1877 mc-

188 1924 289 1982 dicinc
310 1922 450 1982 laborem.
472 1925 598 1997 explicit
616 1924 693 1983 liber
710 1923 897 1981 medicinalis
918 1924 1015 1996 quinti
1032 1926 1133 1982 sereni
1148 1924 1298 1995 feliciter:
1328 1918 1351 1980 f.
1375 1920 1432 1978 155
1444 1952 1487 1964 -

190 2023 250 2083 158
270 2018 405 2083 Catonis
428 2017 585 2100 disticha,
608 2025 757 2099 incipiunt
776 2024 847 2083 libri
865 2026 979 2083 catonis
997 2024 1174 2099 philosophi.
1198 2024 1269 2081 Cain
1288 2012 1504 2081 animaduer-'

187 2131 278 2185 lcrern
303 2158 338 2167 -
364 2140 467 2185 sensus
486 2126 667 2199 concepere
686 2126 778 2185 binos
797 2127 923 2200 explicit
935 2126 1009 2185 liber
1024 2126 1099 2185 IIII
1115 2128 1238 2185 catonis.
1266 2126 1370 2198 incipit
1387 2138 1488 2181 versas

188 2228 227 2285 dc
241 2227 398 2299 tilanwlla,
420 2225 493 2285 Sum
514 2228 608 2304 nactis
628 2229 710 2287 socia
734 2260 770 2269 —
793 2228 870 2286 haec
892 2228 969 2287 bana
988 2235 1081 2301 prata
1103 2232 1170 2286 tuis.
1206 2220 1347 2305 denique
1370 2220 1405 2283 in
1423 2218 1488 2283 fine

187 2322 311 2387 codicis
340 2321 404 2387 duo
425 2322 547 2387 adiecti
574 2330 651 2386 sunt
678 2323 909 2408 quaterniones
933 2344 975 2386 ex
997 2332 1113 2410 quarto
1135 2321 1274 2409 quodam
1298 2320 1410 2386 codice
1433 2320 1487 2383 de·

187 2425 305 2511 carpti,
334 2424 390 2510 qui
417 2426 558 2511 primum
581 2423 745 2487 1.·159-
760 2428 818 2485 170
841 2425 1079 2509 expositionem
1101 2422 1280 2487 Clementis
1303 2423 1344 2487 (10
1369 2421 1486 2486 barba-

187 2526 288 2589 rismo
309 2534 342 2589 et
363 2525 592 2613 metaplasmo,
616 2523 657 2589 de
679 2544 745 2610 qua
766 2524 889 2587 dictum
913 2536 963 2588 cst
983 2526 1086 2610 praef.
1111 2524 1174 2589 vol.
1199 2524 1215 2587 I
1237 2548 1269 2611 p.
1289 2522 1387 2606 XXI,
1412 2544 1486 2587 con-

188 2628 308 2709 tinent,
331 2626 451 2691 deinde
466 2627 489 2690 f.
511 2631 571 2692 170
587 2634 621 2691 01
638 2625 715 2691 170*
734 2626 775 2690 (10
799 2628 917 2690 ceteris
939 2627 1028 2691 vitiis
1051 2628 1317 2692 commentarium
1340 2646 1381 2690 ex
1402 2623 1487 2687 libro

188 2730 335 2816 Pompeii
354 2736 560 2813 excerptum,
584 2727 875 2791 comitii-172
895 2729 1159 2792 commentarium
1184 2727 1225 2790 de
1246 2726 1488 2812 orthographia,

187 2837 335 2912 incipiant
355 2850 459 2910 porca
483 2851 524 2893 ca
550 2835 648 2892 mullis
669 2835 932 2907 prammaticcrum
954 2834 987 2891 id
1011 2840 1055 2893 cst
1076 2835 1211 2892 terrentii
1232 2835 1383 2907 prisciani
1400 2834 1491 2906 capri

187 2938 354 2997 cassiodori
376 2942 407 2996 cl
432 2937 560 2995 alimum
587 2935 673 2993 libris
698 2940 842 3008 excerpta
867 2935 904 2992 dc
924 2937 1087 3007 ortoprcfia
1108 2944 1136 2992 ct
1155 2933 1327 3006 differentia
1349 2936 1488 2994 similium

187 3040 330 3099 autimas
351 3039 496 3112 portiana.
533 3035 703 3109 Ortaprcfic
726 3069 762 3078 -
783 3038 854 3095 cale
875 3038 991 3094 nominc
1012 3037 1067 3095 sed
1093 3038 1220 3104 almum,-
1252 3038 1325 3117 post
1347 3051 1430 3116 quac
1452 3030 1487 3092 in

188 3135 343 3199 extremis
377 3132 506 3196 schedis
535 3131 601 3195 alia
627 3132 789 3217 quaedam
823 3131 909 3196 varii
937 3132 1121 3216 argumenti
1153 3133 1274 3217 scripta
1308 3140 1394 3196 sunt.
1446 3151 1489 3193 ex

188 3236 239 3300 his
260 3235 398 3320 adparet
417 3232 461 3316 ad
481 3233 555 3296 11111
577 3233 690 3296 decem
713 3253 894 3318 conpages,
925 3235 960 3297 in
987 3232 1105 3320 quibus
1128 3255 1200 3296 cum
1223 3232 1379 3296 aliatum
1402 3232 1488 3294 Pris-

123 3325 127 3331 ’
188 3337 275 3401 ciani
294 3335 370 3399 libri
391 3335 504 3419 scripti
526 3344 618 3416 aunt,
640 3335 728 3397 etin
750 3334 845 3396 initio
868 3335 955 3398 etin
977 3334 1042 3398 fine
1061 3337 1292 3420 quaterniones
1316 3333 1487 3418 conplures

187 3436 230 3500 ab
252 3457 292 3504 eo
312 3436 442 3518 codice,
468 3434 511 3499 ad
534 3455 630 3521 quem
652 3433 730 3499 illae
749 3434 972 3521 pertinebant,
994 3421 1127 3500 'alienos
1149 3435 1279 3500 additos
1301 3456 1383 3498 esse.
1428 3433 1487 3496 sed

187 3547 224 3602 ut
245 3539 311 3601 iam
333 3535 377 3600 ad
399 3557 469 3600 eam
491 3545 617 3622 partem
639 3535 777 3617 codicis,
800 3557 885 3622 quae
905 3536 1036 3622 propria
1057 3547 1108 3601 est
1127 3538 1224 3601 huius
1245 3534 1487 3622 disputationis,

187 3639 336 3720 redeam,
359 3638 393 3700 in
414 3637 783 3724 praeexercitaminibus
806 3636 892 3700 hunc
915 3637 1078 3721 codicem,
1106 3659 1202 3723 quem
1222 3637 1487 3701 Lindemannum
1587 3636 1590 3642 ’

187 3747 318 3804 secutus
341 3736 365 3801 S
387 3738 475 3819 dixi,
496 3745 646 3823 quartum
667 3747 784 3802 testem
806 3737 975 3824 adsumpsi
998 3737 1041 3802 ad
1062 3738 1191 3803 codices
1217 3737 1323 3820 an3
1344 3738 1378 3800 in
1401 3736 1485 3800 libro

188 3841 229 3906 de
251 3840 368 3926 figuris
387 3857 611 3921 numerorum,
641 3861 737 3926 quem
754 3841 862 3926 ipsum
884 3859 1011 3925 quoque
1030 3838 1193 3904 conlatum
1214 3838 1392 3922 habebam,
1421 3859 1487 3902 non

187 3963 270 4028 opus
286 3962 359 4006 esse
380 3941 490 4004 visum
512 3948 563 4004 est
583 3941 744 4025 integram
767 3941 947 4025 scripturae
964 3940 1216 4025 discrepantiam
1233 3939 1405 4022 exhibere,
1429 3939 1488 4003 sed

187 4063 310 4130 pauca,
333 4053 417 4128 quae
439 4063 505 4106 non
527 4041 664 4126 indigna
684 4062 756 4105 esse
779 4043 936 4105 memoria
957 4040 1169 4125 videbantur,
1198 4041 1365 4106 adnotavi.
1410 4061 1486 4104 nam

188 4153 221 4208 et
237 4142 466 4227 neglegentius
488 4143 629 4226 scriptus
650 4151 701 4205 est
722 4163 819 4227 quern
842 4143 961 4228 reliqui
983 4142 1076 4224 libri,
1097 4142 1216 4228 quibus
1240 4164 1319 4206 usus
1344 4164 1431 4226 sum,
1455 4151 1488 4205 et

188 4243 364 4332 quaedam,
387 4242 452 4306 nisi
474 4241 588 4322 fallor,
610 4251 734 4307 temere
754 4265 776 4305 a
797 4242 932 4308 librario
954 4252 1075 4306 novata
1097 4252 1182 4306 sunt.

274 4344 340 4409 Sed
362 4343 508 4408 maxima
529 4342 593 4406 fuit
616 4344 829 4430 plurimorum
849 4343 1057 4408 librariorum
1070 4344 1280 4430 neglegentia
1297 4345 1331 4408 in
1346 4345 1386 4409 iis
1403 4365 1487 4430 quae

188 4448 223 4510 in
250 4444 345 4510 libris
373 4444 413 4508 de
441 4443 557 4530 figuris
580 4465 787 4510 numerorum
812 4455 846 4509 et
867 4444 908 4508 de
930 4447 1043 4510 metris
1065 4445 1211 4510 Terentii
1234 4445 1423 4510 Priscianus
1446 4468 1488 4508 ex

188 4547 326 4612 Graecis
342 4544 557 4632 scriptoribus
575 4545 767 4631 adscripsit,
784 4554 822 4609 ut
842 4544 991 4610 solebant
1010 4547 1080 4611 fere
1090 4545 1201 4610 Latini
1218 4546 1359 4628 librarii,
1378 4568 1489 4633 quam-

189 4649 242 4715 vis
261 4649 438 4733 diligentes
460 4646 953 4732 11010111010111011001111111,
976 4668 1060 4734 quae
1080 4669 1146 4713 non
1168 4647 1413 4735 intellegebant,
1434 4659 1491 4714 aut
