3400 5325
413 229 661 291 PARTl'l'th'ES
681 228 739 290 llll>
755 179 862 289 VERS.
884 229 968 289 AEN.
991 229 1020 288 V.
1044 239 1156 295 tta—99
1376 225 1437 290 481

195 355 218 396 p.
233 343 292 386 atta.
306 343 331 383 ll
345 343 368 386 P.
1225 355 1246 397 p.
1260 341 1349 385 att-tt
1364 344 1391 385 K.

145 413 214 474 dum
229 414 406 476 Donatum
423 434 493 495 pars
510 408 740 477 orationis'eum
762 435 833 476 casu
853 433 961 494 corpus
980 423 1031 476 aut
1050 433 1113 476 rem
1134 415 1253 495 proprie
1279 415 1443 477 commuui-

143 521 223 576 terve
245 515 431 593 significans,
454 517 616 578 secundum
638 515 877 597 Apollonium
899 535 969 596 pars
990 515 1130 578 orationis
1156 534 1231 595 quae
1260 515 1441 596 singularum

144 616 339 696 corporalium
362 637 460 679 rerum
482 619 526 679 vel
548 617 776 698 incorporalium
802 619 858 680 sibi
881 617 1078 680 subiectarum
1102 617 1270 696 qualitatem
1290 619 1439 700 propriam

142 717 188 777 vel
210 737 397 779 communem
420 721 597 781 manifestat.
643 719 723 791 Quot
746 720 883 781 accidunt
905 717 1039 782 nomini?
1073 721 1145 794 Sex,
1175 719 1300 798 qualitas
1323 721 1438 800 species

24 840 25 853 ι
120 836 237 896 aganus
260 838 401 881 numerus
423 821 516 898 ligura
545 840 642 882 casus.
687 841 754 882 nam
778 821 959 902 comparatio
983 820 1119 900 generale
1140 821 1277 882 accidens
1301 829 1437 884 nonest.

143 918 236 990 Quale
260 929 306 982 est
332 922 390 981 hoc
417 921 546 982 nomeu?
578 921 800 1002 Appellativum.
846 923 937 984 Cuius
960 931 1006 984 est
1027 920 1158 1002 speciei?
1189 923 1371 1002 Adiectivae3
1395 931 1441 986 est

101 1094 107 1108 Ι
141 1027 240 1082 umen
264 1023 348 1084 etad
371 1023 478 1101 aliquid
500 1032 530 1084 ει
549 1022 666 1085 mobile.
712 1033 741 1085 et
764 1023 878 1086 videtur
900 1024 987 1086 etiam
1011 1023 1198 1086 derivativum
1221 1043 1287 1086 esse
1310 1025 1439 1100 amodo,
1521 1039 1528 1056 ·

141 1122 198 1182 hoe
221 1131 266 1183 εει
286 1141 302 1184 a
325 1143 480 1199 mensura,
503 1125 582 1185 unde
603 1133 650 1187 est
671 1133 700 1186 et
721 1125 854 1201 modius,
878 1134 907 1186 ει
930 1125 1111 1186 dillerentiae
1131 1144 1219 1187 causa
1238 1105 1353 1194 medius
1375 1145 1440 1187 mu-

141 1223 213 1284 tavit
240 1224 310 1285 oin
337 1245 368 1286 e:
397 1226 481 1287 vela
505 1226 616 1288 Graeco
646 1227 756 1288 dictum
785 1235 845 1302 est,
873 1225 959 1305 μέσος
982 1226 1106 1288 medius.
1151 1227 1305 1289 sciendum
1327 1237 1435 1304 umen,
1455 1241 1508 1297 oe·

108 1349 132 1390 ιο
142 1325 221 1403 quod
243 1328 340 1388 omnia
368 1327 507 1388 adiectiva
530 1327 560 1388 in
585 1346 619 1388 us
641 1327 805 1390 desinentia
834 1326 952 1390 mobilia
974 1336 1043 1408 sunt
1074 1336 1196 1409 exi-,epto
1220 1339 1302 1390 votus
1325 1329 1439 1402 vetoris,

141 1427 221 1504 quod
244 1428 438 1507 antiquissimi
458 1437 540 1490 veter
558 1431 563 1506 Ι
583 1429 728 1498 dicebant.
764 1430 853 1492 Cuius
874 1441 919 1492 εει
937 1427 1075 1509 generis?
1096 1429 1208 1491 Neutri.
1248 1430 1300 1492 llic
1323 1449 1440 1493 mascu-

140 1528 244 1590 linum.
288 1530 417 1606 hledius,
446 1549 481 1592 ex
509 1549 567 1608 quo
595 1531 628 1590 tit
649 1531 744 1592 media
765 1531 903 1592 medium.
948 1531 1045 1592 omnia
1066 1531 1142 1592 euim
1166 1539 1224 1592 tam
1248 1531 1278 1592 in
1299 1551 1334 1594 us
1351 1549 1439 1611 quam

140 1631 172 1692 in
193 1650 226 1692 er
246 1631 408 1693 desinentia
428 1631 584 1706 adiectiva,
607 1629 632 1693 si
651 1630 712 1692 sint
730 1633 877 1693 secundae
896 1631 1114 1707 declinationis,
1135 1651 1201 1694 eum
1217 1634 1294 1714 apud
1311 1634 1439 1695 Graecos

140 1733 188 1794 vel
209 1735 375 1796 communia
405 1734 590 1796 inveniantur
614 1733 658 1793 vel
684 1732 819 1808 mobilia,
842 1734 921 1814 apud
943 1751 998 1794 nos
1018 1732 1082 1794 sine
1100 1734 1189 1795 dnbio
1218 1733 1336 1796 mobilia
1359 1742 1439 1810 sunt,

107 1859 131 1899 u
141 1844 176 1897 ut
197 1822 213 1895 ὁ
236 1827 363 1912 εὐτυχής
391 1833 441 1894 καὶ
470 1825 489 1912 ἡ
519 1825 645 1914 εὐτυχὴς
668 1832 718 1894 καὶ
741 1824 775 1893 τὸ
797 1823 913 1914 εὐτυχές
935 1835 984 1896 bic
1009 1835 1175 1897 fortunatus
1198 1837 1271 1897 haec
1292 1837 1439 1918 fortunata

139 1937 198 1997 hoe
225 1938 421 2012 fortunatum,
448 1932 465 1997 ὁ
492 1925 610 2016 alpach
635 1923 654 2012 ἡ
682 1927 785 2015 ἁγαθοὶ
812 1926 846 1996 τό
874 1927 993 2016 ἀγαθόν
1013 1933 1026 2020 [l
1050 1936 1147 1999 bouus
1174 1937 1251 1998 bona
1273 1923 1440 2010 bonum‚i

138 2026 310 2118 ὁπλοφόρος
327 2029 347 2114 ἡ
365 2029 530 2117 ὁπλοφόρος
547 2029 581 2098 τὸ
603 2024 774 2114 ὁπλοφόρον
793 2038 920 2115 armiger
942 2039 1085 2118 armigera
1108 2037 1299 2118 armigerum,
1322 2024 1339 2097 ὁ
1359 2029 1439 2118 ἱερός

136 2132 158 2216 ἡ
181 2131 246 2220 ἱεροὶ
260 2129 294 2198 τό
317 2133 397 2218 ἱερόν
413 2159 497 2201 sacer
519 2159 601 2201 sacra
624 2157 750 2201 sacrum.
796 2140 887 2201 cutus
910 2149 956 2200 εει
976 2137 1114 2202 numeri?
1133 2137 1306 2218 Singularis
1327 2140 1436 2218 figurae
1454 2158 1489 2211 ει

139 2240 300 2321 simplicis,
329 2260 416 2302 casus
441 2241 489 2301 hie
515 2241 683 2302 accusativi.
728 2242 846 2303 tenebat
873 2243 951 2304 enim
972 2242 1091 2303 verbum
1116 2241 1315 2303 accusativum
1339 2241 1435 2320 exigit.

104 2351 189 2407 mest
217 2351 315 2403 tamen
342 2342 373 2403 iu
402 2342 540 2403 omnibus
568 2343 680 2404 neutris
706 2342 784 2402 idem
810 2362 899 2405 casus
927 2343 1122 2406 nominativos
1148 2351 1177 2404 et
1203 2343 1388 2406 accusativos
1409 2353 1438 2404 ει

137 2444 298 2505 vocativus.
344 2443 435 2506 Cuius
458 2451 504 2505 εει
524 2442 751 2505 declinationis?
769 2445 940 2506 Secundae:
965 2445 1061 2507 omnia
1086 2444 1208 2508 enimin
1228 2465 1277 2507 um
1299 2444 1437 2507 desinen-

138 2547 178 2609 via
207 2546 271 2607 sine
292 2545 382 2606 dubio
408 2544 555 2606 secundae
582 2556 650 2606 sunt
672 2545 885 2609 declinationis.
931 2547 988 2608 Fae
1012 2547 1047 2608 ab
1071 2567 1105 2609 εο
1129 2547 1328 2609 derivativum.
1372 2547 1433 2608 lle-
1452 2561 1487 2615 ue

137 2647 234 2709 dietas
261 2647 418 2709 mediocris
446 2645 652 2709 meditullium.
692 2647 885 2711 mediastinus
912 2668 1030 2729 quoque
1060 2649 1128 2711 inde
1152 2649 1264 2711 videtur
1287 2649 1434 2729 componi,

135 2750 207 2829 quia
234 2749 347 2811 medias
375 2758 474 2830 partes
501 2748 597 2809 balnei
625 2756 719 2823 tenet,
747 2750 805 2810 hoc
835 2759 882 2812 est
907 2752 937 2811 in
964 2751 1061 2813 medio
1083 2749 1240 2812 lavantium
1270 2757 1336 2811 stat.
1382 2750 1436 2811 liic

102 2851 218 2915 asaliud
240 2852 444 2931 compositum.
489 2850 720 2929 llediterraneus
740 2860 770 2911 et
792 2852 936 2915 mediana.
981 2850 1149 2913 adverbium
1169 2850 1273 2911 medie.
1314 2850 1434 2913 verbum

137 2954 175 3015 ab
199 2972 234 3015 eo
256 2953 456 3033 compositum
474 2952 594 3013 dimidio
614 2950 917 3028 dimidiasdimidiat,
941 2954 1069 3015 undeet
1091 2950 1269 3012 dimidiatus.

225 3056 367 3115 deneas
390 3072 465 3133 quae
487 3074 556 3135 pars
579 3054 720 3115 orationis
741 3052 807 3115 estl
839 3054 962 3115 Nomen.
1001 3051 1114 3124 Quale?
1136 3052 1300 3132 Proprium.
1343 3054 1486 3123 Cuiusuo

137 3166 184 3219 est
207 3155 338 3237 speciei?
366 3156 546 3229 primitivae,
570 3156 686 3234 generis
709 3154 878 3227 masculini,
901 3156 1014 3216 numeri
1037 3154 1210 3233 singularis,
1234 3156 1344 3233 ligurae
1365 3156 1435 3216 sim·

137 3259 239 3341 plicis,
266 3277 353 3319 casus
375 3258 552 3319 nominativi.
579 3256 584 3340 l
611 3257 725 3329 Quotae
748 3265 794 3317 est
817 3254 1043 3317 declinationis?
1079 3254 1203 3317 Primae.
1241 3254 1321 3317 Cur‘l
1358 3256 1433 3328 Quia

103 3362 238 3426 momnia
261 3360 371 3421 Graeca
399 3360 430 3421 in
456 3380 488 3421 as
511 3360 693 3435 desinentia,
721 3360 746 3421 si
770 3358 847 3438 apud
866 3357 933 3419 illos
953 3376 1007 3437 per
1028 3379 1063 3418 ου
1084 3357 1287 3437 diphthongon
1309 3358 1435 3419 efferunt

137 3463 319 3542 genetivum,
341 3461 418 3540 apud
439 3480 494 3521 nos
510 3461 574 3522 sine
592 3461 681 3522 dnbio
704 3461 817 3541 primae
837 3466 906 3521 sunt
926 3457 1144 3534 declinationis,
1165 3458 1287 3531 Αἰνείας
1310 3458 1433 3519 Αἰνείου
1522 3520 1528 3528 ,

137 3568 251 3625 Aeneas
268 3565 391 3625 Aeneae.
437 3563 547 3641 antiqui
569 3570 666 3624 tamen
688 3561 893 3623 huiuscemodi
909 3562 1027 3622 nomina
1047 3561 1159 3639 absque
1177 3580 1191 3621 s
1211 3560 1346 3622 solebant
1365 3580 1434 3641 pro-

137 3666 231 3739 lerre,
255 3665 333 3743 quod
356 3664 559 3726 Terentius
582 3664 689 3743 ubique
714 3663 801 3739 iacit,
825 3662 910 3724 Sosia
938 3662 1038 3743 Byrria
1061 3662 1190 3725 Chaerea
1215 3661 1285 3723 Geta
1307 3680 1432 3743 ponens,

137 3774 170 3827 ut
191 3766 222 3827 in
242 3766 379 3828 Andria

103 3894 129 3935 as
490 3944 493 3949 Ι
831 3876 894 3928 aut
910 3875 946 3927 tu
967 3874 1027 3929 aut
1049 3866 1110 3929 hic
1131 3864 1280 3945 Byrria3

137 3963 168 4015 et
190 3952 400 4027 luvenalis,

900 4054 967 4097 ceu
983 4034 1124 4114 Marsya
1142 4022 1279 4095 vict‘us.

209 4225 221 4274 l
242 4224 381 4277 secundum
396 4221 532 4288 Donatum]
550 4237 577 4283 p.
595 4220 661 4271 1743
713 4220 887 4271 saecundum
900 4217 1076 4286 Apollonium]
1091 4221 1125 4283 cs.
1143 4219 1271 4271 Priscian.
1288 4236 1315 4285 p.
1327 4220 1378 4270 577

137 4294 378 4416 {h'guhgpum-Or
412 4292 430 4412 {i
439 4294 496 4411 gibi
514 4292 686 4413 spgiecplarqm
705 4290 727 4341 θ
745 4290 985 4409 sibinspbiectorum
1001 4290 1027 4340 'G
1043 4288 1213 4409 spgiectorqm
1228 4288 1431 4409 Sb'uq'Gmani·

206 4374 215 4413 t
309 4377 411 4413 ισιιιιεε
581 4376 597 4409 a
616 4373 739 4409 reciuaa
778 4373 939 4409 ceruorum
958 4374 983 4408 ιιι
1004 4373 1034 4409 ue
1165 4373 1248 4409 emo
1268 4374 1293 4409 ιι
1331 4390 1343 4409 2

137 4375 488 4485 tbssrbeditullirimmedieas
500 4446 602 4495 quoque
617 4429 718 4479 uidetur
737 4373 797 4477 ibba
814 4428 897 4478 dietus
916 4430 975 4493 quia
993 4429 1160 4493 temperantia
1178 4429 1290 4478 medium
1308 4437 1347 4478 εει
1363 4430 1432 4477 inae-

137 4504 266 4565 qualitatis
284 4518 350 4567 quae
368 4503 432 4553 solet
450 4500 506 4549 lieri
523 4516 556 4550 ex
574 4498 709 4551 contrariis
726 4496 857 4547 clementie
868 4534 873 4546 .
884 4498 1065 4548 medicatrinus
1090 4497 1151 4548 iude
1169 4496 1189 4546 S
1257 4498 1433 4547 mediastrium

136 4572 363 4623 Cmediatiuuiu'
433 4570 467 4620 25
484 4569 603 4619 mediana
621 4570 642 4620 S
659 4567 804 4617 mediamna
822 4567 843 4617 0
861 4567 1030 4635 medimneti
1099 4566 1133 4618 33
1152 4565 1268 4617 birriaS
1320 4566 1430 4617 careatis⁷

206 4641 242 4693 bt
264 4642 290 4691 in
309 4636 418 4704 Andria]
440 4637 565 4698 111,ae
645 4637 679 4689 36
703 4646 747 4686 aut
764 4645 792 4686 tu
810 4646 854 4686 aut
872 4634 950 4685 hicS
976 4645 1077 4686 auttua
1096 4634 1177 4688 hioG
1203 4644 1247 4687 aut
1265 4636 1308 4687 uia
1325 4644 1369 4687 eut
1392 4636 1434 4687 hic

137 4713 158 4763 0
226 4710 343 4761 birriaS
382 4708 445 4760 no
465 4705 602 4773 luvenalis]
621 4706 674 4769 il,2
744 4703 973 4758 almaniscas

220 4814 424 4883 oaauunnrcr
447 4813 558 4856 norrun
581 4813 629 4853 ιιι.
794 4848 799 4857 ,
1189 4791 1226 4854 31
