3400 5325
475 212 523 273 ΒΕ
546 210 685 272 lllETlllS
705 211 882 271 Tuuunutt
905 211 1028 271 lilllllll.
1063 221 1173 275 10-14
1412 213 1474 273 423

226 313 385 379 pisinian.
1267 328 1420 379 pluuiali.

328 398 357 457 si
380 398 574 475 quisquam
597 405 668 468 est,
691 397 751 474 qni
775 397 925 475 placere
951 416 989 457 se
1010 397 1160 457 studeat
1180 398 1289 459 lionis

327 518 432 576 quam
456 497 627 579 plurimis
650 507 685 557 et
708 498 854 559 minime
879 498 1017 559 multos
1040 498 1206 575 laedere3

176 607 205 659 et

327 701 410 777 quid
434 700 553 786 igitur
574 700 729 761 luciam?
751 720 821 761 non
844 699 941 761 earn?
963 720 1006 760 ne
1030 720 1127 761 nnnc
1147 701 1312 778 quidem,

155 820 168 858 s
329 820 406 861 eum
429 819 605 863 accersor
628 800 749 861 ultro?
770 820 813 862 an
836 803 962 881 potius
988 802 1037 861 ita
1059 821 1111 861 me
1137 821 1362 881 comparem:

175 904 205 962 in
228 902 399 963 Heauton
422 902 682 963 timorumeno'
699 919 817 980 quoquae

327 982 434 1064 neorii
457 1004 507 1063 sit
528 1012 689 1063 vestrum
712 1004 858 1079 mirum,
877 1021 945 1064 ‘cur
967 1015 1093 1083 partes
1116 1006 1197 1065 seni

327 1114 434 1184 poeta
458 1104 619 1179 dederit,
642 1122 734 1183 quae
754 1106 829 1166 sint
854 1105 1171 1165 adulescentium:

455 1229 470 1265 t
558 1227 674 1265 *mr
762 1228 777 1265 a
865 1227 880 1265 tt
968 1234 982 1265 e
1069 1228 1083 1264 t*
1172 1236 1187 1266 r
1260 1192 1267 1206 ι

142 1307 468 1387 mideminllecyra
929 1300 934 1317 '
1489 1312 1520 1364 13
1599 1303 1603 1312 '

328 1408 467 1487 Hecyra
492 1417 548 1469 est
568 1408 653 1467 liuic
674 1426 805 1468 nornen
827 1407 985 1466 tabulae.
1030 1407 1121 1469 haec
1146 1428 1223 1470 cnm
1246 1411 1328 1470 dala
1354 1421 1425 1483 est,

328 1526 434 1581 nova,
459 1528 587 1570 norum
608 1507 814 1591 intervenit
836 1508 964 1567 vitium
992 1516 1027 1567 et
1049 1509 1259 1585 calamitas;

175 1619 204 1669 el

260 1720 264 1727 '
327 1729 392 1789 per
420 1712 477 1789 pol
501 1729 605 1787 qiram
627 1729 767 1790 pancos
788 1712 960 1789 reperias
983 1711 1249 1773 meretricibus

141 1833 167 1872 ia
327 1812 454 1872 lidelis
476 1813 625 1872 evenire
647 1819 849 1884 amatores,
873 1812 976 1890 Syra:

176 1912 309 1973 similiter
330 1914 360 1973 in
383 1912 626 1995 Phormione!

160 2003 164 2011 ¹
327 2023 523 2093 postquam
545 2022 653 2093 poeta
678 2021 785 2074 vetus
805 2022 950 2093 poetam
973 2033 1042 2073 non
1064 2022 1193 2095 potest

329 2116 523 2175 retrahere
546 2134 561 2174 a
585 2116 714 2185 studio,
734 2124 770 2175 et
791 2116 940 2175 tradere
965 2116 1146 2177 hominem
1173 2116 1207 2177 in
1229 2118 1361 2191 otium,

298 2234 302 2239 ·
327 2216 545 2277 maledictis
563 2215 758 2277 deterrere
781 2236 827 2277 ne
852 2216 995 2278 scribat
1016 2225 1145 2297 parat;

328 2420 469 2480 amicus
491 2438 653 2480 summos
677 2427 777 2479 meus
800 2426 835 2478 et
856 2420 1051 2499 popularis
1075 2420 1162 2479 Geta

329 2519 409 2580 lieri
431 2521 473 2580 ad
492 2540 547 2581 me
568 2520 678 2579 venit.
724 2527 804 2579 erat
822 2521 854 2579 ei
880 2520 922 2584 de
943 2521 1155 2581 ratiuncula

328 2622 397 2684 iam
420 2622 561 2701 pridem
584 2621 678 2699 apud
700 2639 753 2680 me
773 2621 956 2698 reliquum
978 2622 1234 2700 pauxillulum.

176 2725 254 2786 idem
275 2732 445 2784 tetrametro
467 2723 497 2782 in
517 2721 616 2781 multis
642 2722 731 2782 utitur
752 2722 878 2782 iambico
902 2724 1014 2796 scenis,
1037 2732 1068 2783 ut
1090 2723 1119 2782 in
1139 2725 1273 2784 Andria
1488 2739 1519 2790 14
1593 2771 1596 2778 .

141 2845 168 2884 aa
329 2825 490 2885 mirabar
510 2825 578 2884 hoc
598 2823 628 2883 si
651 2823 705 2882 sic
726 2822 862 2894 abiret,
886 2831 921 2882 et
944 2823 1022 2883 herl
1048 2843 1193 2903 semper
1216 2825 1366 2885 lenitas,

177 2926 302 2988 dimetro
328 2944 444 3004 otioque
467 2923 662 2986 distinctionis
683 2942 771 2984 causa
795 2943 866 2984 usus
889 2933 931 2984 est
954 2944 1008 3004 per
1028 2926 1166 2996 medium,
1192 2921 1205 3008 ΙΙ

328 3026 484 3086 verebar
504 3043 679 3102 qiiorsum
704 3025 891 3094 evaderet,

176 3140 245 3210 post
267 3147 354 3208 quem
373 3128 479 3188 iterum
503 3135 690 3187 tetrametros
710 3126 817 3204 posuit,

330 3228 390 3306 qui
411 3236 604 3307 postquam
627 3225 798 3286 audierat
820 3245 890 3286 non
915 3228 1036 3288 datum
1056 3228 1102 3288 iri
1120 3228 1203 3289 lilio
1223 3247 1369 3290 uxorem
1386 3250 1468 3306 suo,

143 3344 170 3384 so
329 3347 506 3406 nusquam
530 3330 699 3405 cuiquam
718 3337 883 3388 nostrum
901 3329 1048 3389 verbum
1069 3330 1159 3390 lecit
1174 3349 1295 3408 neque
1310 3332 1343 3392 id
1362 3350 1470 3410 aegre

1141 3432 1243 3492 tulit:

179 3517 313 3578 similiter

330 3616 643 3688 enimverollave,
657 3614 902 3677 nihillociest
918 3616 1102 3694 segnitiae
1121 3635 1239 3694 neque
1257 3618 1470 3692 socordiae,

330 3719 473 3796 qnando
496 3718 668 3778 intellexi
691 3718 795 3778 modo
819 3717 921 3778 senis
947 3717 1171 3779 sententiam
1196 3719 1238 3780 de
1261 3715 1430 3800 nuptiis‘

143 3839 235 3885 nnec
257 3822 353 3882 solum
372 3820 477 3882 comici
499 3819 699 3880 huiuscemodi
723 3826 792 3880 sunt
813 3820 859 3879 usi
881 3819 985 3880 iambis
1014 3819 1065 3880 sed
1091 3821 1177 3881 etiam
1207 3822 1307 3900 tragici
1336 3823 1471 3884 vetustis·
1519 3869 1521 3874 .

179 3925 261 3998 simi,
283 3931 316 3984 ut
337 3923 481 3983 Ennius
505 3923 534 3982 in
555 3921 678 3981 Medea

248 4103 264 4150 2
283 4117 358 4166 quarn
377 4100 492 4165 plurimis
506 4115 582 4162 quani
597 4099 713 4164 plurimis
727 4108 751 4147 et
762 4099 865 4148 minime
882 4097 986 4148 m'ultum
1010 4101 1037 4148 V
1085 4103 1101 4151 4
1119 4101 1179 4165 quid
1198 4099 1288 4150 faciam
1308 4101 1386 4166 igitur
1401 4116 1417 4158 ς

180 4188 211 4220 ne
231 4171 385 4233 nunquidem
403 4171 431 4217 V
479 4172 544 4218 ine
564 4170 604 4217 eui
622 4179 735 4217 nostrum
755 4169 846 4216 miram
866 4171 933 4224 sits
990 4171 1084 4219 dsunt
1100 4170 1288 4219 adolescentum
1307 4171 1349 4226 Βς
1402 4172 1419 4219 tl
1433 4173 1471 4220 la-

179 4257 266 4290 meum
281 4241 396 4302 indicavi,
419 4255 469 4304 qua
485 4240 534 4288 dico
553 4253 641 4288 aeream
655 4241 732 4300 prirni
749 4238 866 4287 Heauton
882 4241 1035 4288 tirnornmeni
1048 4240 1152 4298 fabulae
1169 4241 1326 4288 exciderunt.
1358 4243 1377 4290 ii
1390 4240 1474 4289 additi

178 4313 314 4365 sentim
386 4310 415 4358 ll
436 4310 495 4357 data
514 4301 746 4370 noiinlnouumes
831 4308 862 4356 14
880 4308 1090 4358 meritricilrusA
1108 4309 1254 4358 matricibus
1274 4311 1297 4358 V
1380 4309 1472 4359 tude-

181 4390 246 4429 terre
269 4380 297 4428 V
376 4381 409 4426 22
428 4379 460 4427 de
477 4379 616 4426 radnncule
639 4379 666 4426 V
744 4379 822 4426 ‘zain
843 4375 947 4440 Andria]
970 4379 977 4424 l
997 4379 1053 4438 2,4
1142 4377 1401 4428 aetruriroihenu

179 4449 214 4500 29
230 4451 260 4498 iri
278 4463 385 4498 uxorem
402 4449 453 4496 illio
469 4461 551 4501 suos
627 4445 662 4497 30
680 4461 810 4509 nunquam
827 4448 982 4509 cariquamg
1045 4445 1237 4511 attentavero]
1265 4447 1470 4498 Terentrlndr.

180 4519 257 4577 tal
317 4518 424 4581 signicie
440 4518 464 4567 B
480 4519 611 4580 aegnetiae
633 4517 659 4565 V
726 4516 760 4566 3⁴
780 4525 902 4578 qiiatllum
923 4515 1034 4565 intellexi
1057 4516 1132 4564 modo
1155 4518 1304 4565 senientiam
1322 4517 1391 4566 senis
1410 4531 1426 4572 ς

180 4588 215 4638 au
233 4589 259 4636 in
273 4588 359 4635 media
375 4587 402 4630 V
416 4604 422 4634 ε
438 4586 514 4634 Ennii
524 4603 613 4637 uersus
623 4588 703 4634 minue
714 4593 833 4634 accurate
844 4588 953 4645 scriptos
966 4601 983 4632 u
999 4586 1130 4635 Petreiano
1146 4588 1237 4634 rectius
1255 4594 1417 4636 seruauerunt
1429 4585 1475 4636 alii

180 4665 312 4712 auctores,
333 4672 436 4722 quornm
451 4657 649 4718 discrepantiam
664 4654 786 4704 indicavit
811 4654 949 4704 l⁷olrlenius
965 4653 1032 4706 Enii,
1057 4669 1128 4716 pnes.
1154 4658 1202 4704 ret.
1224 4669 1251 4716 p.
1274 4658 1322 4706 1¹24
