3400 5325
727 232 940 298 PRAEFATIO
1425 233 1486 297 399

184 426 250 483 sine
280 426 382 497 aquis:
410 418 435 482 f.
457 421 614 484 os—to*
636 418 800 483 Prisciani
822 419 863 495 de
885 418 1000 503 figuris
1022 440 1230 485 numerorum
1247 417 1383 501 librum,
1405 423 1487 483 Pres-
1520 466 1523 469 -

142 552 147 557 ·
185 528 293 585 cianus
316 526 534 599 qromnmticus
551 524 722 601 symmacho
740 557 783 566 ·—
804 526 1003 598 mennonium
1024 534 1052 583 et
1076 528 1203 585 similia:
1235 520 1260 583 f.
1280 519 1488 585 70*—100*

185 626 340 686 Prisciani
356 644 388 701 p.
407 628 585 701 partitiones
604 625 673 685 XII
695 642 774 685 aere.
794 627 913 685 aeneid.
929 628 1162 702 principalium,
1191 627 1285 687 Arma
1302 660 1339 671 -
1356 627 1486 699 famens.

184 729 334 803 pristiam
361 730 554 801 mammona
581 744 675 803 saper
701 727 773 787 XII
793 730 908 803 primos
937 745 1044 789 nasus
1075 728 1192 787 oena'd.
1219 730 1312 803 expli.
1343 734 1488 787 tractatas

182 833 396 907 portioonam:
423 825 448 889 f.
476 825 670 889 tout-108
692 824 813 889 librum
835 825 876 889 de
897 825 1143 911 orthographia,
1167 831 1272 905 inupti
1291 830 1487 905 ortograpbia

188 934 282 993 bedae
298 932 473 1007 presbyteri.
507 932 654 993 Alitiera
673 934 763 991 etium
781 940 852 991 nota
877 964 914 977 -
936 934 1064 991 oratoris
1089 948 1185 991 sermo
1203 934 1365 1007 pauenti..
1395 926 1487 991 Pari-

188 1034 281 1095 sinus
307 1030 413 1094 codex
440 1031 476 1092 in
503 1028 566 1092 hac
593 1050 722 1113 quoque
750 1039 844 1115 parte
865 1052 930 1094 non
959 1029 1064 1093 solum
1087 1050 1130 1093 ex
1151 1027 1236 1093 bono
1257 1028 1348 1095 sonte
1370 1028 1486 1093 ductus

189 1132 369 1197 sedetiam
389 1138 541 1195 accurate
561 1132 702 1216 scriptus
722 1139 787 1212 est,
816 1152 1013 1218 quamquam
1039 1130 1152 1212 habet,
1182 1150 1266 1216 quac
1288 1129 1341 1195 vel
1365 1139 1488 1195 temere

190 1233 305 1299 addita
325 1231 378 1297 vel
400 1232 678 1318 interpretationis
699 1252 800 1295 causa
824 1231 993 1322 adscrIpta
1021 1240 1054 1295 et
1080 1232 1114 1295 in
1141 1232 1387 1297 continuitatem
1415 1254 1486 1299 ver·

190 1337 306 1401 borum
331 1332 435 1397 inlata
461 1354 533 1397 esse
555 1323 722 1417 adpareat.
766 1334 810 1397 ad
831 1334 928 1397 hunc·
941 1332 1132 1419 plerumque
1154 1332 1281 1398 accedit
1303 1332 1498 1417 Gudianus,

190 1439 247 1524 qui
268 1438 340 1523 ipse
360 1455 490 1521 quoque
511 1434 593 1497 satis
611 1442 763 1498 accurate
787 1438 927 1521 scriptus
950 1444 1015 1517 est3
1043 1436 1101 1499 scd
1125 1436 1159 1499 in
1183 1456 1221 1499 eo
1240 1435 1348 1499 octavi
1370 1456 1487 1502 versus

190 1539 324 1623 partitio
344 1544 419 1623 post
440 1556 561 1600 nonum
582 1537 781 1621 transposita
802 1546 866 1619 est,
890 1537 923 1600 in
944 1538 1042 1623 primi
1057 1544 1165 1601 autem
1180 1557 1296 1603 versus
1312 1537 1488 1623 partitione

178 1646 345 1726 'quattuor
374 1636 613 1723 schedaepost
634 1638 658 1700 f.
682 1642 719 1700 71
750 1639 925 1724 perierunt.
970 1637 1144 1703 Leidensis
1171 1646 1278 1702 autem
1307 1638 1413 1703 codex
1440 1640 1488 1701 in·

192 1740 372 1827 aequaliter
389 1739 529 1824 scriptus
544 1748 603 1803 cst.
639 1760 714 1802 nam
734 1739 811 1803 inde
832 1739 875 1803 ab
898 1748 1013 1803 octavo
1031 1762 1129 1805 versu
1145 1760 1216 1803 eam
1230 1738 1301 1803 fere
1317 1741 1488 1823 rationem,

192 1843 327 1928 quaein
342 1842 495 1905 Parisino
515 1839 601 1904 libro
622 1847 687 1921 est,
709 1841 872 1926 sequitur,
892 1840 927 1904 in
948 1842 1056 1926 priore
1078 1849 1170 1927 parte
1191 1861 1269 1905 vcro
1291 1862 1364 1905 cum
1386 1841 1490 1907 multa

192 1944 289 2007 aliter
308 1942 430 2028 scripta
443 1951 528 2024 sunt,
547 1949 616 2004 tum
631 1941 761 2026 saepius
775 1942 946 2027 quaedam,
970 1964 1054 2027 quae
1067 1942 1123 2007 ille
1140 1941 1249 2026 habet,
1266 1943 1387 2007 omissa
1402 1950 1488 2007 sunt.

193 2047 227 2108 in
250 2043 370 2131 quibus
391 2064 465 2106 cum
486 2042 643 2128 conplura
663 2045 740 2125 sint,
763 2064 847 2128 quae
868 2052 982 2130 postea
1006 2043 1120 2108 addita
1140 2065 1211 2107 esse
1233 2044 1402 2131 adpareat,
1424 2043 1491 2109 alia
1514 2114 1518 2123 ,

193 2157 318 2227 tamen,
347 2145 388 2209 de
408 2165 548 2232 quorum
566 2145 761 2230 antiquitate
787 2144 932 2209 dubitari
955 2147 1083 2231 nequit,
1115 2146 1148 2209 in
1170 2143 1231 2209 hoc
1254 2145 1338 2211 libro
1360 2146 1489 2211 desunt.

193 2270 258 2313 non
288 2246 379 2310 nulla
403 2267 483 2310 vero
512 2246 626 2327 etiam,
653 2252 743 2330 'quae
766 2246 801 2309 in
820 2246 972 2311 Parisino
994 2255 1026 2310 et
1048 2246 1202 2311 Gudiano
1224 2256 1377 2334 corrupta
1403 2257 1489 2331 sunt,

103 2400 111 2416 .
193 2358 282 2413 recte
304 2348 427 2434 scripta
446 2348 607 2430 servavit,
628 2357 665 2411 ut
685 2347 805 2411 librum
828 2369 872 2410 ox
893 2346 976 2413 bono
999 2348 1130 2434 quidem
1149 2348 1238 2413 fonte
1259 2348 1407 2431 ductum,
1432 2346 1491 2413 sed

195 2450 334 2515 eundem
366 2458 400 2511 et
435 2446 645 2534 neglegentia
679 2448 806 2512 librarii
843 2457 877 2513 et
908 2448 1158 2536 interpolatione
1194 2458 1381 2537 corruptum
1418 2470 1490 2514 esse

195 2572 386 2636 cognoscas.
430 2556 547 2636 postea
576 2548 643 2613 alia
668 2571 783 2632 manu,
814 2572 898 2635 quac
923 2550 1002 2629 mihi
1025 2572 1090 2614 non
1112 2552 1212 2616 multo
1234 2551 1395 2616 recentior
1418 2573 1490 2615 esse

194 2652 386 2735 videbatur,
419 2674 518 2739 quam
539 2673 579 2715 ea
601 2673 684 2736 quae
705 2652 813 2738 ipsum
833 2652 953 2717 librum
976 2653 1123 2738 scripsit,
1151 2652 1252 2718 multa
1274 2652 1381 2718 deleta
1401 2660 1434 2718 et
1457 2654 1491 2718 in

196 2757 344 2841 margine
366 2762 492 2818 mutata
517 2763 603 2817 sunt.
638 2753 720 2817 haec
739 2775 755 2816 s
775 2753 885 2818 littera
907 2753 1061 2819 indicavi.
1100 2755 1232 2819 omnino
1251 2764 1361 2818 autem
1381 2755 1490 2818 minus

197 2858 374 2942 diligenter
400 2856 470 2919 eius
492 2853 568 2920 libri
590 2856 753 2942 scriptura
775 2856 921 2919 indicata
936 2864 999 2934 est,
1019 2877 1114 2940 quam
1130 2855 1272 2920 Parisini
1288 2863 1320 2919 et
1335 2855 1491 2938 Gudiani,

196 2981 277 3046 quos
298 2957 503 3045 potissimum
526 2969 656 3020 secutus
677 2980 759 3021 sum.
796 2978 1055 3044 quemquamne
1078 2956 1189 3040 dehis
1211 2957 1342 3043 quidem
1365 2979 1493 3024 omnem

196 3061 403 3125 librariorum
423 3059 664 3144 neglegentiam
681 3069 715 3123 et
736 3059 897 3146 quidquid
919 3060 953 3123 in
974 3057 1141 3122 levissima
1163 3079 1292 3145 quaque
1314 3081 1349 3124 re
1372 3059 1491 3124 discre-

197 3171 313 3250 parent
334 3161 493 3226 adnotare
514 3159 614 3225 volui.
650 3161 922 3246 interrogationes
942 3168 973 3224 ot
987 3158 1230 3248 responsiones,
1252 3181 1336 3246 quae
1351 3159 1492 3224 inlibris

197 3264 298 3348 vulgo
325 3263 519 3349 antepositis
540 3268 574 3326 A
593 3271 626 3326 et
647 3265 690 3325 M
707 3262 843 3346 litteris,
876 3262 937 3327 hoc
965 3271 1014 3327 est
1042 3249 1244 3336 didascalos
1271 3271 1303 3325 et
1329 3256 1493 3346 μαθητής,

198 3366 363 3430 indicatae
391 3372 481 3445 sunt,
509 3364 688 3428 maioribus
717 3363 835 3428 litteris
865 3363 1050 3450 significare
1079 3363 1211 3451 placuit.
1256 3373 1399 3428 ceterum
1428 3383 1493 3428 non

199 3465 334 3530 difficile
364 3473 435 3528 erat
460 3465 678 3552 posteriorum
707 3467 993 3550 grammaticorum
1018 3465 1242 3530 additamenta
1271 3469 1305 3531 in
1328 3465 1388 3530 hoc
1409 3465 1493 3530 libro

198 3568 410 3652 investigare.
446 3567 673 3652 sedquoniam
691 3589 797 3653 neque
817 3569 925 3631 omnia
947 3589 1030 3655 quae
1049 3577 1165 3652 postca
1178 3567 1291 3632 addita
1306 3576 1383 3632 sunt
1396 3568 1495 3632 certis

199 3669 384 3759 rationibus
405 3669 537 3754 assequi
559 3690 665 3754 noque
687 3670 860 3755 pristinam
883 3668 959 3735 libri
983 3670 1121 3733 formam
1148 3670 1355 3756 cumulique
1378 3668 1495 3756 proba·

139 3793 142 3800 ·
201 3770 327 3835 bilitstc
348 3791 542 3854 recuperare
563 3769 696 3852 licebat,
729 3791 835 3856 pauca
857 3771 1041 3854 dumtaxat,
1073 3793 1156 3858 quae
1178 3771 1352 3836 manifesto
1374 3791 1495 3835 nexum

200 3873 436 3935 sententiarum
457 3871 708 3959 perturbabant,
731 3881 797 3936 tam
819 3893 916 3957 quam
937 3865 1047 3958 'spuria
1069 3875 1190 3939 notavi.

285 3972 390 4037 Multo
417 3974 668 4038 constantiorem
698 3975 795 4036 huius
823 3973 899 4038 libri
927 3975 1079 4058 formam,
1111 3997 1206 4061 quam
1232 3973 1320 4038 illam
1346 3973 1495 4038 codicum

201 4074 510 4161 manuscriptorum
524 4077 726 4157 varietatem,
740 4075 827 4138 edita
842 4075 1044 4170 exemplaria
1059 4075 1215 4140 exhibent
1221 4075 1265 4161 *).
1300 4097 1374 4140 nam
1390 4071 1496 4163 qualis

268 4279 355 4347 ')De
373 4282 472 4332 studiis
490 4282 623 4332 Italorum
640 4281 669 4330 in
687 4281 739 4332 hoc
756 4281 841 4345 libro,
862 4287 1010 4346 antequam
1029 4281 1102 4346 typis
1120 4281 1341 4332 exscriberentur
1358 4283 1497 4349 exempla·

202 4369 259 4430 ria,
283 4367 436 4418 conlocatis
459 4383 513 4416 non
536 4368 672 4431 quaesivi.
708 4367 757 4416 scd
780 4366 905 4417 codicem
928 4366 992 4416 oIIm
1016 4382 1032 4415 a
1050 4367 1156 4432 Poggio
1180 4372 1209 4417 et
1227 4367 1373 4418 comitibus
1392 4357 1450 4418 eius
1468 4369 1497 4418 in

203 4435 375 4502 bibliotheca
392 4451 570 4517 Sangallensi
593 4452 734 4502 inventum
758 4466 818 4500 esse
843 4455 964 4502 testatur
982 4449 1102 4500 Oeneius
1120 4451 1258 4502 Romanus
1277 4453 1306 4502 in
1324 4454 1445 4518 epistula
1464 4470 1498 4504 ex

202 4537 271 4587 urbe
289 4536 456 4587 Constantia
474 4537 699 4586 adFrsnciscum
717 4535 752 4584 de
764 4535 855 4586 Fisus
873 4537 953 4598 data,
974 4551 1054 4600 quam
1067 4551 1100 4584 ex
1114 4535 1400 4600 codiceBergomensi
1413 4538 1499 4588 edidit

204 4622 352 4682 Querinius
372 4622 400 4670 in
418 4620 539 4671 diatriba
557 4621 768 4685 praeliminaria
791 4621 826 4670 ad
845 4621 990 4669 Francisci
1009 4619 1127 4670 Barbari
1151 4618 1285 4684 epistulas
1308 4637 1334 4686 p.
1353 4621 1421 4672 VIII
1439 4639 1498 4688 sqq.

203 4720 286 4772 quam
303 4706 491 4755 narrationem
509 4707 638 4770 quoniam
656 4706 745 4755 minim
763 4709 858 4754 notam
877 4719 937 4753 esse
948 4704 1039 4768 video,
1060 4719 1094 4754 sa
1107 4719 1176 4769 quae
1189 4703 1242 4753 buc
1256 4707 1397 4770 portInent
1409 4713 1498 4760 trans-
