3400 5325
223 229 435 292 tltsTtvvvto
459 230 508 293 DE
531 229 677 292 NObilNE
701 229 751 290 ET
768 229 992 290 rnouotttnn
1017 229 1066 290 ET
1089 227 1225 291 VERBO.
1247 241 1359 296 tta-³5
1403 231 1465 295 tto

233 344 306 388 ‚roos
321 346 334 386 o
348 345 371 388 v.
1273 347 1334 388 ,ιιι
1349 347 1411 390 cort.

218 356 291 476 ¹'Et
315 418 389 478 liaeo
414 417 531 496 qtridem
560 417 725 497 compendii
748 435 837 478 causa
862 415 898 476 ad
926 416 1122 478 instituendos
1145 359 1409 497 puerospsuldeiat
1432 419 1462 480 iu

166 516 316 596 praesenti
337 517 455 580 dixisse.
488 519 734 598 perspicaciorem
758 526 856 578 antem
879 517 1047 596 regularum
1070 519 1212 580 rationem
1236 526 1294 610 tam
1318 519 1463 599 paenulti-

166 635 390 697 menumquam
419 619 586 682 ultimarum
611 619 804 698 syllabarum,
827 637 902 696 quae
926 619 963 680 ad
989 620 1119 682 omnium
1142 622 1290 700 pertinent
1312 621 1461 682 nominum

166 717 406 795 declinationem,
437 722 468 782 iu
498 729 611 800 septem
640 720 737 794 libris,
767 739 843 798 quos
870 720 906 781 de
935 722 1054 782 nomine
1083 722 1256 801 scripsimus
1283 721 1462 799 diligentius,
1559 707 1566 728 ’

140 817 296 882 sinvenire
318 821 403 895 licet,
433 831 463 882 et
483 822 609 884 maxime
631 822 766 883 inserto
789 829 819 882 et
840 821 983 901 septimo,
1005 822 1054 900 qui
1079 822 1115 882 de
1136 823 1314 884 nominativo
1338 831 1366 883 et
1389 824 1463 886 obli-

166 921 233 1000 quis
252 921 370 984 casibus
392 923 548 1003 compositi
566 924 725 984 multorum
746 921 922 984 testimoniis
944 922 1077 984 nituntur
1095 933 1257 986 arrctorum.

251 1022 444 1097 Pronomina,
466 1023 632 1103 dequibus
658 1023 738 1086 ntrlla
761 1024 905 1085 dubitatio
927 1031 987 1098 est,
1010 1033 1079 1086 sunt
1098 1025 1174 1106 apud
1195 1025 1315 1087 Latinos
1338 1023 1500 1105 quiade-1¹
1513 1025 1543 1078 ³¹

166 1123 234 1186 cim.
262 1125 407 1204 primitiva
426 1124 545 1206 quidem
569 1134 636 1188 octo
657 1127 731 1188 haec
749 1133 835 1199 suut,
854 1125 966 1206 primae
988 1145 1132 1206 personae
1156 1145 1263 1200 unrrm,
1285 1137 1317 1188 ιιι
1338 1147 1409 1206 ego,
1433 1137 1461 1190 ct

165 1226 314 1288 secundae
336 1245 443 1304 unum,
471 1237 504 1289 ut
525 1235 572 1302 tu,
601 1229 704 1289 tertiae
731 1245 800 1288 vero
823 1245 889 1302 sex,
914 1227 960 1288 sui
983 1226 1031 1288 ille
1053 1228 1118 1308 ipse
1139 1228 1187 1290 lvio
1208 1228 1264 1289 iste
1285 1230 1326 1305 is3
1350 1230 1462 1292 denra-

131 1328 221 1388 votiva
241 1336 371 1408 septem,
393 1349 479 1392 meus
498 1337 566 1390 tuus
593 1349 666 1393 suus
688 1337 790 1390 noster
815 1337 914 1390 vester
941 1339 1058 1390 nostras
1080 1337 1201 1391 orostrae.
1242 1330 1352 1392 babent
1373 1332 1462 1410 igitur

164 1429 308 1508 primitiva
331 1431 405 1491 duas
428 1430 648 1506 declinationes,
663 1431 820 1493 derivativa
844 1449 912 1492 varo
936 1439 1005 1492 tres.
1038 1438 1068 1492 ct
1090 1449 1146 1492 una
1163 1431 1280 1509 (pridem
1302 1433 1462 1512 primitivu-

164 1550 229 1592 rnru
251 1541 296 1593 est
317 1532 492 1607 declinatio,
514 1551 590 1612 quae
605 1519 664 1594 tani
686 1535 852 1611 genetivum
872 1551 959 1610 quam
976 1531 1105 1592 dativum
1122 1532 1180 1592 ini
1202 1534 1352 1606 terminat,
1375 1553 1462 1596 accu-

164 1633 287 1694 sativum
317 1641 346 1694 et
369 1634 525 1696 ablativum
555 1635 586 1695 in
614 1654 631 1694 e
658 1633 848 1716 productam,
878 1644 910 1695 ιιι
931 1653 985 1713 ego
1007 1643 1053 1707 tu,
1081 1635 1138 1695 mei
1167 1635 1207 1696 tui
1235 1635 1296 1709 sui,
1318 1636 1389 1696 mibi
1410 1636 1460 1698 tibi

164 1735 237 1809 sibi,
261 1755 308 1796 ure
331 1745 360 1798 te
383 1755 433 1810 se,
457 1756 474 1797 a
495 1755 542 1796 me
564 1756 581 1797 a
605 1745 632 1796 te
654 1755 670 1796 a
693 1755 735 1796 se.
779 1735 942 1797 vocativum
971 1732 1060 1795 enim*
1077 1735 1206 1796 secunda
1237 1745 1348 1798 tautum
1371 1737 1460 1798 babet
1476 1744 1511 1798 32

79 1829 82 1836 ’
129 1856 308 1918 upersoua,
328 1837 378 1916 qui
395 1837 500 1900 similis
519 1847 566 1900 est
587 1837 780 1909 nominativo,
803 1845 835 1897 ut
853 1843 923 1898 otu.
949 1835 1070 1917 pluralia
1089 1855 1156 1898 vero
1173 1837 1285 1916 primae
1308 1845 1337 1900 et
1356 1845 1462 1900 secun·

162 1938 218 2000 dae
246 1958 391 2019 personae
418 1940 552 2001 similiter
577 1939 763 2002 declinantur
784 1940 864 2015 (uam
885 1937 993 1998 tertiae
1021 1955 1165 2017 personae
1187 1957 1350 2017 pronomen
1372 1959 1460 2020 supra

162 2041 310 2121 positum,
333 2042 362 2102 id
382 2049 429 2102 est
447 2041 508 2115 sui,
532 2041 610 2119 quod
632 2039 841 2102 nominativum
862 2057 920 2100 uon
942 2038 1048 2112 habet,
1072 2058 1226 2100 commune
1246 2049 1292 2104 est
1309 2041 1461 2120 utriusque

162 2144 308 2219 numeri),
332 2163 387 2206 nos
411 2163 477 2214 vos,
500 2151 633 2204 nostruin
656 2140 701 2201 vel
720 2140 830 2214 nostri,
852 2148 980 2200 vestrum
1002 2139 1046 2198 vel
1067 2142 1172 2216 vestri,
1194 2141 1280 2204 uobis
1302 2141 1393 2203 vobis.
1431 2143 1460 2204 in

162 2244 267 2323 plurali
289 2252 387 2306 autern
406 2263 529 2306 numero
544 2243 674 2305 secunda
695 2251 808 2304 tantum
830 2261 955 2321 prersona
979 2240 1067 2302 babet
1087 2243 1266 2318 vocativum,
1289 2244 1338 2321 qui
1357 2243 1460 2306 similis

126 2353 210 2406 coest
230 2347 409 2408 nominativo
432 2355 462 2407 et
483 2345 665 2419 accusativo,
689 2353 759 2406 ulo
783 2364 843 2405 vos.
865 2347 869 2352 ’
889 2343 954 2404 idco
978 2351 1074 2404 autern
1097 2343 1144 2406 sui
1167 2345 1375 2406 nominativum
1399 2365 1458 2408 non

161 2445 265 2520 babet,
295 2448 363 2526 qrria
390 2467 446 2510 nee
471 2449 548 2528 apud
577 2448 706 2508 Graecos
733 2435 827 2504 αὑτοῦ
853 2445 897 2504 vel
921 2441 1044 2518 ἑαυτοῦ,
1074 2445 1161 2506 huius
1184 2445 1239 2506 sui.
1285 2447 1342 2508 boc
1363 2457 1459 2510 autem

160 2548 190 2608 in
212 2549 287 2610 libro
308 2550 357 2628 qui
380 2558 427 2610 est
447 2546 460 2632 ΙΙ
482 2550 630 2611 secundus
658 2549 695 2609 de
721 2547 896 2627 pronomine
925 2546 1012 2608 latius
1035 2547 1231 2608 tractavimus.
1277 2547 1366 2608 alterii
1391 2568 1457 2610 vero
1476 2557 1509 2610 33

160 2649 316 2713 declinatio
340 2652 371 2713 iu
398 2651 519 2730 reliquis
542 2650 671 2730 quinque
693 2649 863 2730 primitivis,
894 2666 1017 2727 qnorum
1040 2649 1193 2727 genetivus
1216 2648 1245 2709 in
1268 2648 1314 2711 ins
1334 2651 1338 2727 Ι
1358 2658 1387 2710 et
1409 2650 1460 2712 da-

160 2753 237 2815 tivus
256 2754 313 2815 ini
335 2754 444 2817 desiuit
466 2773 520 2833 per
540 2754 595 2815 tria
618 2770 743 2831 genera3
765 2750 950 2813 accusativus
972 2758 1069 2811 autem
1093 2760 1122 2810 et
1140 2748 1283 2811 ablativus
1301 2750 1459 2828 singularis

125 2864 191 2915 raet
214 2874 318 2916 omnes
341 2874 429 2918 casus
450 2855 580 2935 plurales
600 2855 632 2915 in
657 2851 820 2915 masculino
842 2852 961 2930 quidem
986 2859 1016 2911 et
1038 2860 1142 2913 neutro
1162 2850 1310 2913 moundae
1331 2852 1459 2915 declina·

159 2955 248 3018 tionis
279 2958 432 3019 nominum
461 2957 683 3018 terminationes
712 2962 845 3027 servant,
874 2954 903 3013 in
933 2952 1074 3014 feminino
1101 2971 1169 3013 vero
1198 2953 1326 3032 primae,
1356 2962 1390 3019 ut
1410 2953 1459 3015 ille

158 3056 238 3119 illius
264 3058 321 3133 iili,
351 3058 399 3119 illa
426 3059 505 3121 illius
532 3058 590 3131 illi,
623 3058 695 3118 illud
728 3056 807 3116 illius
842 3054 898 3129 illi,
928 3054 1009 3116 illum
1040 3052 1119 3114 illam
1149 3040 1220 3114 illud
1249 3056 1385 3131 (necesse
1414 3063 1460 3117 eat

159 3158 237 3219 enim
264 3168 367 3221 neutra
396 3161 606 3221 nominativum
629 3168 658 3220 et
680 3158 879 3221 accusativum
909 3154 1033 3219 similem
1053 3154 1199 3232 babere),
1222 3154 1330 3217 abillo
1352 3154 1388 3216 ab
1410 3156 1459 3217 illa

124 3247 129 3264 ’
158 3260 196 3321 ab
217 3261 278 3323 illo.
311 3264 473 3323 notandum
492 3269 667 3332 esttamen,
690 3258 768 3339 quod
790 3258 840 3320 bic
862 3266 891 3319 et
908 3259 980 3319 liaeo
1002 3264 1032 3317 et
1050 3256 1107 3317 boc
1131 3258 1217 3318 buius
1239 3257 1308 3317 lruic
1330 3257 1458 3319 dativum
1493 3262 1498 3275 '

123 3377 278 3443 acsemper
297 3363 328 3425 in
353 3382 370 3423 c
399 3364 556 3425 terminant
581 3362 764 3424 differentiae
786 3380 874 3421 eausa
908 3366 1030 3439 propter
1057 3358 1107 3419 bui
1134 3358 1376 3421 interiectionem.
1421 3376 1456 3421 ex
1473 3374 1507 3427 tt

158 3473 273 3545 septem
295 3464 578 3527 autemuertvarivis
600 3464 730 3542 quinque
752 3462 870 3541 quidem
890 3460 1053 3522 secrvudum
1078 3458 1227 3521 mobilium
1250 3459 1380 3538 regulam
1403 3480 1457 3521 no·

158 3567 269 3629 minum
297 3567 497 3639 declinantur,
519 3565 547 3627 id
571 3575 616 3627 est
637 3564 831 3626 masculinum
855 3571 885 3625 et
914 3568 1051 3622 neuuum
1075 3560 1222 3622 secundae
1252 3561 1455 3623 declinationis

158 3678 242 3739 sunt,
265 3668 437 3731 femininum
454 3686 522 3729 voro
537 3668 664 3747 primae,
687 3675 721 3729 ut
737 3674 807 3727 suut
826 3665 916 3737 baec,
936 3682 1018 3723 meus
1041 3669 1109 3723 turre
1127 3682 1199 3723 suus
1222 3670 1324 3725 noster
1347 3671 1454 3724 vester.

157 3768 269 3849 reliqua
296 3789 365 3832 vero
395 3770 454 3832 duo
482 3770 648 3831 eommunia
677 3779 745 3831 suut
777 3776 807 3829 et
833 3766 937 3827 tertiae
960 3772 1029 3827 sum
1057 3764 1277 3838 declinationis,
1303 3773 1335 3826 ut
1356 3764 1405 3825 hio
1426 3772 1457 3825 et

121 3874 232 3935 ³⁵haec
255 3880 373 3934 nostras
396 3880 522 3947 vestras,
550 3872 638 3934 buius
663 3869 804 3933 nostratis
826 3868 972 3931 vestratis.
1017 3864 1204 3925 inveniuntur
1225 3874 1324 3927 mmor
1346 3884 1451 3927 noveru
1469 3874 1504 3925 ³5

158 3974 275 4035 uomina
302 3973 435 4047 mobilia,
465 3992 539 4051 quae
561 3974 629 4051 quia
653 3970 878 4033 declinationem
907 3966 1115 4050 pronominum
1137 3964 1263 4041 habent,
1289 3967 1365 4028 inter
1386 3986 1455 4047 pro·

156 4058 275 4137 nomina
297 4076 415 4155 quidam
435 4081 614 4156 posueruut,
640 4082 673 4135 ut
697 4074 762 4152 quis
785 4070 960 4150 quaequod
985 4069 1068 4131 cuius
1092 4066 1159 4139 cui,
1188 4086 1264 4127 unus
1286 4086 1342 4127 una
1365 4086 1454 4129 unum

157 4177 246 4239 unius
266 4178 335 4251 uni,
361 4176 438 4237 ullus
471 4175 529 4237 ulla
556 4174 647 4237 ullum
671 4173 758 4236 ullius
781 4174 848 4246 ulli,
872 4172 970 4234 nullus
999 4169 1078 4232 nulla
1101 4168 1214 4229 nullum
1239 4167 1349 4229 nullius
1371 4167 1454 4243 nulli,

157 4279 240 4340 solus
266 4279 328 4341 sola
359 4277 454 4338 solum
483 4278 576 4339 solius
600 4276 671 4350 soli,
694 4286 773 4338 totus
796 4283 856 4335 tota
878 4282 970 4335 totum
995 4272 1084 4334 totius
1108 4270 1176 4343 toti,
1199 4269 1274 4331 alius
1298 4268 1353 4331 alia
1377 4269 1455 4331 aliud

228 4432 241 4481 l
260 4430 426 4481 suideiautG
478 4429 506 4479 il
528 4429 669 4479 deriuatiua
688 4429 753 4478 dnus
772 4434 864 4484 §.tres
880 4430 981 4489 positae
994 4438 1050 4475 esse
1067 4422 1183 4472 uidentur
1197 4422 1378 4473 declinationes
1392 4434 1454 4483 pro-

154 4509 213 4561 pter
228 4500 286 4564 quis
302 4502 342 4550 ael
355 4500 399 4564 qui
409 4512 556 4561 monumen,
575 4502 686 4564 quomodo
703 4506 822 4563 quattuor
839 4502 935 4546 onorr'no
953 4498 978 4543 in
995 4491 1181 4557 pronominibus
1201 4505 1257 4541 esse
1275 4491 1361 4542 crodos
1378 4491 1455 4541 decli·
1567 4498 1571 4508 '

155 4573 279 4621 nullom
296 4572 395 4621 dixerit
411 4570 562 4619 Priscianus
577 4584 604 4631 p.
624 4569 683 4619 libb.
706 4568 775 4620 1233
793 4582 801 4615 c
820 4564 857 4627 cs.
878 4580 904 4627 p.
929 4563 994 4615 1268
1065 4562 1098 4611 22
1118 4561 1144 4609 in
1162 4561 1226 4611 libro
1245 4562 1288 4625 qui
1307 4572 1346 4611 est
1364 4574 1456 4611 secun·

155 4637 215 4704 dus]
233 4654 260 4702 p.
275 4638 377 4703 bouso.
449 4638 484 4689 30
502 4653 534 4687 ex
550 4646 684 4704 septeme
709 4640 728 4685 Α
749 4635 886 4703 septemb*
954 4632 988 4686 33
1004 4640 1029 4683 et
1044 4638 1103 4681 sunt
1122 4627 1220 4686 hoece
1290 4629 1324 4683 at
1338 4630 1395 4693 quis
1413 4630 1455 4681 nel

154 4710 198 4772 qui
212 4723 278 4773 qrvce
296 4708 363 4772 quod
382 4707 423 4756 uel
442 4706 539 4772 quide
1254 4724 1257 4733 ·

207 4810 415 4855 uunnnarrcr
436 4810 548 4853 cornu
571 4810 619 4851 ιιι.
1212 4782 1251 4847 29
1360 4850 1371 4863 ,
