3400 5325
382 257 633 319 PdllTlTlONES
657 257 709 318 Xll
733 255 838 317 VERS.
859 257 942 318 AEN.
968 257 1053 318 l'llll.
1081 263 1229 320 roo-176
1400 255 1459 314 501
1497 245 1501 256 ¹

211 387 233 427 p.
246 375 304 414 taor.
320 373 345 414 aa
358 373 382 416 r.
1253 369 1410 422 μῶυ-1111.

696 461 869 522 quaeque
891 443 975 522 ipse
995 441 1202 502 miserrima
1225 441 1307 502 vidi.

160 547 227 609 ideo
257 557 356 608 autem
384 546 571 607 discretivum
598 547 718 618 dicitur,
757 545 824 624 quia
861 543 1002 604 discernit
1033 563 1189 622 personam
1227 543 1274 603 eui
1306 543 1458 620 coniungi·

162 661 224 721 tur,
254 649 414 709 osteadens
443 667 496 726 per
522 667 555 707 se
578 649 674 708 iacere
696 656 805 707 elnon
828 665 882 725 per
902 645 1006 718 alium,
1033 654 1065 706 ut
1082 648 1271 723 ‘quaeque
1293 645 1372 724 ipse
1395 645 1461 704 mi·

163 751 319 811 serrima
339 750 445 822 vidi',
469 750 525 809 boc
548 757 594 809 est
612 749 675 828 ipse
698 768 752 828 per
769 767 826 821 me,
848 767 907 808 noa
930 765 983 826 per
1004 746 1100 807 alium.
1135 747 1196 816 llic,
1217 745 1371 807 derivativa
1392 765 1460 826 pro-

138 852 279 912 auomina
303 859 375 928 quot
396 849 486 912 suutl
508 851 643 929 Septem,
667 869 751 911 meris
774 860 843 910 tuus
867 867 938 909 suus
956 857 1057 908 noster
1078 855 1174 908 vester
1197 855 1313 908 nostras
1336 855 1457 908 vestras.

162 954 240 1023 Quot
267 960 336 1013 suut
363 948 594 1031 declinastiones
622 949 851 1031 pronominum?
892 949 1051 1020 Quattuor,
1080 967 1137 1010 arna
1159 945 1275 1010 illorum
1298 967 1372 1027 quae
1395 947 1424 1009 in
1447 949 1455 1008 i
1478 957 1526 1007 173

161 1055 271 1114 iaciunt
292 1054 457 1132 genetivum
480 1061 509 1112 et
531 1051 672 1127 dativum,
695 1061 726 1112 ut
748 1052 804 1112 mei
826 1053 912 1124 mibi,
936 1052 978 1111 tui
1001 1050 1068 1123 tibi,
1090 1051 1134 1111 sui
1154 1051 1225 1127 sibi;
1248 1051 1337 1111 altera
1358 1069 1457 1112 eorum

161 1174 235 1233 ‹prae
263 1157 293 1216 in
322 1156 368 1215 ius
394 1153 504 1234 babent
531 1155 711 1232 genetivum,
739 1163 769 1214 ut
794 1154 872 1214 illius
895 1153 997 1228 lutius3
1023 1153 1106 1238 tertia
1132 1171 1232 1213 eorum
1256 1173 1330 1231 aptiae
1353 1172 1459 1214 secun-

160 1259 230 1319 dum
261 1257 378 1318 mobilia
407 1257 591 1317 declinantur
618 1256 754 1327 nomina,
782 1275 866 1315 meus
890 1264 959 1315 tuus
989 1273 1061 1314 sarus
1089 1261 1190 1314 noster
1218 1263 1329 1330 vester;
1356 1263 1457 1330 quarta

127 1378 239 1438 aequae
261 1359 376 1419 tertiam
400 1359 550 1418 nominum
572 1357 795 1418 declinationem
820 1357 968 1434 requitur,
992 1364 1108 1416 nostras
1131 1364 1253 1416 vestras,
1289 1357 1370 1426 Quae
1391 1364 1460 1416 suut

163 1459 272 1521 dubia?
296 1459 378 1530 Quae
400 1458 484 1519 stoici
509 1459 625 1537 quidem
647 1457 842 1535 antiquissimi
868 1459 944 1518 iuter
967 1458 1106 1518 articulos
1129 1456 1210 1538 [oum
1234 1457 1459 1538 praepositioni-

163 1561 235 1642 bus]
257 1561 421 1641 ponebant,
441 1561 563 1622 Bouiani
584 1569 681 1621 autem
704 1561 781 1620 inter
797 1559 967 1640 pronomina
992 1559 1100 1620 infinita
1122 1559 1166 1620 vel
1187 1559 1391 1638 interrogativa
1413 1559 1458 1618 rel

162 1663 336 1726 relativavcl
349 1662 500 1736 redditiva,
517 1661 719 1740 Dionysius
735 1680 802 1720 vero
818 1660 1069 1740 etilpollouius
1086 1661 1354 1722 ctllerodiauus
1371 1658 1459 1720 ratio-

163 1764 302 1826 nabiliter
316 1765 394 1824 inter
408 1765 536 1824 nomina.
572 1772 642 1824 sunt
657 1772 754 1823 autom
777 1763 959 1823 substantiae
982 1762 1024 1822 vel
1048 1763 1194 1840 qualitatis
1216 1763 1259 1821 vel
1286 1761 1456 1840 quantitatis
1479 1775 1526 1844 171

127 1867 208 1932 ravel
234 1865 349 1928 numeri
377 1863 528 1946 [infinita].
572 1863 769 1936 substantiae,
798 1871 829 1924 ut
858 1864 939 1942 quis,
969 1863 1046 1940 quod
1069 1871 1127 1924 tam
1153 1864 1390 1942 interrogativum
1415 1873 1460 1924 est

163 1986 250 2047 quam
273 1967 436 2038 inlinitum,
462 1949 545 2028 errius
568 1967 719 2026 relativum
743 1953 877 2043 estqui,
906 1965 983 2043 quod
1006 1984 1059 2044 per
1082 1985 1114 2025 se
1136 1965 1254 2043 (paridem
1277 1967 1406 2036 acuitur,
1429 1966 1459 2026 iu

162 2071 288 2131 lectione
309 2088 376 2129 vero
396 2075 540 2146 gravatur.
584 2068 731 2128 invenitur
751 2076 848 2127 tamen
873 2067 959 2126 etiam
981 2086 1035 2146 pro
1059 2067 1124 2144 quis
1144 2076 1230 2144 atque
1251 2074 1311 2127 tum
1334 2067 1460 2128 circum-

137 2153 298 2233 'uectium
343 2171 453 2249 obliqui
475 2176 572 2229 autem
598 2187 698 2229 eorum
720 2189 822 2240 casus,
846 2168 963 2247 quanclo
987 2167 1157 2229 relationem
1181 2166 1372 2252 signilllicant
1395 2187 1460 2246 gra·

162 2282 276 2334 vantur.
323 2271 470 2349 qualitatis
488 2269 598 2349 qualis,
622 2270 699 2348 quod
723 2268 930 2348 paenultimam
955 2270 1177 2342 circumflectit,
1197 2270 1318 2348 ,quando
1336 2269 1461 2330 interro·

125 2375 292 2454 aogatimm
315 2382 377 2447 est;
396 2373 513 2450 quando
536 2390 604 2431 vero
624 2369 768 2431 inlinitum
789 2380 835 2432 est
855 2371 898 2431 vel
921 2370 1087 2444 relativum,
1112 2371 1227 2432 acuitur
1244 2371 1361 2444 ultima,
1385 2391 1460 2449 quae

164 2485 261 2558 tamen
283 2475 313 2534 in
335 2475 462 2534 lectione
485 2474 613 2552 sopitur:
632 2475 695 2534 eius
717 2473 889 2534 redditivum
914 2472 987 2534 talis.
1024 2471 1076 2532 llic
1100 2471 1279 2554 quantitatis.
1315 2473 1458 2546 Octauiae,
1483 2487 1528 2537 tta
1563 2541 1565 2550 ,

113 2633 119 2642 .
164 2577 243 2656 quod
268 2575 402 2637 similiter
423 2575 477 2635 tria
502 2574 662 2650 significat,
687 2575 962 2653 interrogationem,
992 2574 1108 2652 quando
1131 2573 1308 2653 paenultima
1331 2575 1460 2649 acuitur;

143 2678 280 2757 ‚quando
302 2696 369 2738 vero
389 2676 504 2748 ultima,
534 2676 677 2737 infinitum
701 2677 745 2737 vel
768 2677 918 2737 relativum
944 2684 1003 2747 est,
1024 2677 1102 2753 quod
1128 2677 1261 2736 similiter
1284 2678 1312 2736 iu
1335 2678 1461 2737 lectione
1504 2732 1509 2741 .

165 2782 295 2859 sopitur;
318 2780 381 2840 eius
402 2778 575 2838 redditivum
592 2786 699 2839 taulus.
741 2779 853 2838 numeri
874 2784 960 2855 quot,
981 2778 1059 2855 quod
1082 2778 1215 2837 similiter
1235 2779 1288 2837 tria
1306 2765 1460 2853 significat,

126 2901 154 2939 aa
165 2880 423 2959 interrogationem
457 2879 650 2939 induitionem
687 2878 875 2939 relationem:
915 2880 965 2939 secl
993 2879 1110 2956 quando
1138 2879 1375 2957 interrogativum
1406 2887 1459 2950 est,

164 2984 295 3058 acuitur;
324 2982 441 3059 quando
463 2988 561 3040 autem
585 2980 736 3041 relativum
759 2980 803 3039 vel
826 2980 986 3053 inlinitum,
1010 2980 1038 3040 iu
1062 2982 1187 3042 lectione
1213 2990 1361 3059 gravatur:
1396 2980 1459 3040 eius

164 3085 338 3146 redditivum
362 3090 412 3143 tot.
457 3081 509 3141 llic.
531 3081 718 3142 derivativum
743 3080 779 3141 ab
803 3082 936 3158 eoquod
964 3089 1008 3141 est
1031 3082 1106 3159 quis.
1153 3081 1242 3145 tanim
1265 3082 1328 3143 cuia
1350 3082 1466 3155 cuium,
1481 3098 1530 3146 ltu

164 3204 240 3265 quae
269 3193 338 3245 sunt
359 3183 526 3263 possessiva
552 3183 678 3251 infinita,
706 3202 781 3260 quae
806 3182 908 3242 Graeci
938 3202 996 3243 non
1026 3183 1143 3245 babent.
1187 3193 1339 3264 praeterea
1361 3184 1409 3244 bic
1434 3192 1463 3244 et
1498 3200 1505 3217 ⁴

164 3288 238 3349 bace
264 3285 344 3345 cuias
375 3292 404 3344 et
431 3286 487 3344 boc
519 3281 628 3357 cuiate,
656 3283 744 3344 huius
772 3284 891 3356 cuiatis,
922 3304 997 3363 quae
1026 3297 1095 3347 sunt
1121 3286 1238 3363 gentilia
1267 3284 1387 3346 infinita.
1433 3294 1463 3345 et

24 3412 30 3419 ·
127 3388 333 3459 nesciendum,
358 3386 434 3463 quod
454 3386 528 3447 baec
547 3383 769 3445 declinationem
792 3382 1006 3471 pronomiluum
1030 3386 1140 3447 liabent
1154 3386 1219 3465 quis
1235 3388 1278 3447 vel
1297 3387 1347 3465 qui
1366 3386 1460 3461 cariae,

165 3499 194 3550 et
216 3506 281 3549 eam
302 3496 400 3548 tamen
422 3485 621 3564 inaequalem,
641 3506 707 3547 cum
726 3488 924 3547 accusativum
946 3506 1031 3566 quem
1054 3488 1121 3548 lacit
1141 3497 1169 3548 et
1188 3487 1344 3549 ablativum
1364 3508 1378 3547 a
1401 3506 1460 3565 quo

165 3592 209 3651 vel
236 3610 251 3651 a
275 3590 323 3669 qui
349 3601 378 3648 et
405 3588 532 3649 dativum
561 3587 701 3667 pluralem
728 3588 834 3666 quibus
862 3588 906 3649 vel
935 3589 1009 3667 quis.
1056 3588 1137 3660 Quae
1161 3598 1230 3650 sunt
1252 3590 1306 3650 alia
1331 3588 1460 3661 nomina,

165 3710 240 3770 quae
268 3667 495 3751 declinationem
527 3688 732 3769 pronominum
761 3688 892 3749 babent?
936 3692 967 3751 ln
997 3710 1032 3751 us
1060 3691 1177 3769 quidem
1206 3690 1368 3751 desinentia
1400 3709 1460 3762 seu,

165 3812 242 3854 unus
265 3792 342 3852 ullus
366 3791 465 3851 nullus
490 3790 570 3851 solus
597 3798 676 3851 totus
706 3790 796 3864 alius,
824 3791 855 3851 in
879 3810 912 3851 er
937 3811 1003 3855 vero
1026 3791 1101 3866 duo,
1126 3800 1241 3853 uteret
1263 3792 1350 3865 alter,
1376 3802 1406 3851 et
1427 3810 1462 3851 ex

129 3896 214 3955 orbis
244 3892 406 3973 composita
438 3899 560 3971 excepto
594 3900 698 3952 aeriter
730 3883 836 3952 neutri.
883 3892 935 3953 llic
964 3894 1171 3955 nominativum
1196 3894 1232 3955 ab
1255 3914 1290 3954 eo
1317 3892 1394 3971 quod
1418 3901 1464 3953 est

165 4015 209 4055 ea.
243 3993 436 4055 masculinum
460 3994 522 4053 eius
539 3993 579 4066 is,
602 3992 774 4053 femininum
795 4012 844 4067 ea,
865 4003 999 4054 neutrum
1020 3994 1059 4055 id.
1097 3994 1171 4066 Oarid
1192 3994 1281 4054 babet
1300 3994 1460 4055 notandum
1481 4008 1528 4058 177

252 4179 269 4229 8
287 4182 358 4230 tertia
378 4194 465 4229 eorum
486 4180 507 4230 S
524 4180 596 4228 tertia
612 4177 654 4228 CG
739 4178 755 4227 a
773 4179 915 4229 declinatur
934 4181 955 4231 G
1046 4180 1073 4230 ll
1095 4196 1152 4229 cum
1172 4181 1407 4245 praepositionibus
1429 4182 1466 4230 od

163 4252 304 4301 doctrinam
320 4250 453 4298 stoicorum
467 4250 497 4297 cie
511 4250 707 4312 praepositione,
724 4265 797 4313 picam
815 4252 872 4300 illos
892 4252 1058 4301 coniaanctioai
1072 4252 1228 4316 copulavisse
1244 4252 1373 4301 aduolauit
1389 4251 1464 4299 Pria-

163 4325 253 4371 cionus
269 4335 295 4381 p.
310 4320 377 4379 574,
397 4323 526 4383 pertinere
548 4319 647 4367 uidetur
752 4319 783 4367 12
803 4318 842 4367 rel
862 4319 968 4369 relativa
987 4335 1032 4371 om.
1055 4322 1076 4371 G
1165 4320 1197 4368 14
1215 4321 1281 4369 iuter
1299 4322 1401 4369 nomina
1423 4318 1466 4370 GS

163 4393 233 4439 inter
248 4388 399 4455 pronomina
419 4389 439 4438 O
502 4389 533 4437 15
552 4387 651 4436 infinita
670 4387 713 4437 GG
731 4387 845 4437 inlicitae
863 4389 884 4439 S
957 4388 987 4438 18
1003 4390 1099 4452 obliqui
1119 4390 1173 4439 eius
1194 4398 1277 4438 nutem
1296 4405 1372 4439 casus
1391 4390 1413 4439 G

168 4460 199 4509 to
215 4458 390 4508 circumflectit
408 4459 429 4507 S
451 4458 655 4506 circumllectitur
673 4457 715 4507 CG
785 4460 818 4505 25
837 4458 883 4507 sed
904 4460 1005 4522 quaudo
1024 4460 1233 4524 iuterrogatiuum
1253 4470 1291 4509 est
1310 4459 1464 4509 induitiuum

164 4528 265 4577 acuitur
284 4526 386 4589 ociando
405 4538 489 4576 autem
505 4528 637 4575 relatiuam
654 4527 680 4574 iu
697 4527 717 4575 G
734 4527 780 4575 sed
794 4528 896 4589 qiaaudo
917 4528 1127 4593 interrogatiuum
1142 4528 1181 4577 uel
1195 4528 1320 4579 inlinitum
1338 4538 1377 4577 est
1396 4529 1465 4577 acui·

165 4609 208 4648 tur
229 4598 330 4660 qnando
350 4605 435 4645 atatem
458 4596 591 4644 relatiuam
612 4598 637 4644 in
656 4598 677 4645 S
699 4596 745 4645 scd
768 4597 870 4658 qnando
893 4598 1105 4663 interrogatluum
1130 4599 1230 4648 acuitur
1252 4600 1292 4647 trel
1311 4598 1464 4648 induitiunm

165 4667 269 4731 quaudo
288 4677 373 4715 autem
389 4665 525 4714 relatiuam
543 4667 568 4714 in
588 4665 677 4728 G:cf.
697 4666 822 4715 Priscian.
836 4681 863 4728 p.
879 4666 931 4716 580
949 4675 973 4716 et
985 4682 1066 4728 supra
1077 4681 1104 4730 p.
1115 4666 1168 4718 492
1230 4667 1263 4718 34
1283 4682 1344 4717 uero
1363 4668 1385 4717 G
1402 4682 1465 4729 quo-

93 4787 98 4795 ,
164 4752 216 4801 que
234 4735 274 4786 OS
344 4736 378 4785 35
397 4734 465 4797 quod
484 4742 523 4782 est
540 4734 693 4797 eaSquod
710 4744 749 4784 est
768 4736 793 4783 id
813 4734 835 4784 G
854 4736 922 4799 quod
943 4737 1021 4787 estG
1181 4742 1183 4747 '
