3400 5325
252 216 314 276 464
351 298 355 306 ν
806 218 992 283 rutsctmtt

283 322 463 384 ‘sintne
1344 336 1506 389 naar-oar.

404 402 460 463 sol
481 402 607 463 aditus
626 404 752 481 ‘quam
772 404 943 483 qnaeris'
960 404 1024 477 ait,
1049 410 1110 465 ‘ne
1132 424 1221 467 vana
1244 404 1412 481 labores,

497 509 609 583 nupta
632 504 734 565 lovis
754 504 862 565 fratri
881 504 995 565 tertia
1013 524 1125 583 regna
1145 496 1280 568 tenet*

252 605 289 666 de
309 604 406 666 aditus
428 614 570 684 quantum
591 605 627 666 ad
651 624 792 685 praesens
815 606 996 667 sullicieuter
1020 606 1154 669 diximus.
1200 608 1288 669 latius
1309 618 1407 671 autem
1428 610 1465 670 de
1487 630 1558 691 par·

204 710 237 761 19
252 707 352 786 ticipio
380 714 534 767 tractatum
562 717 608 767 est
635 706 664 766 in
691 705 766 767 libro
789 705 938 783 singulari.
984 726 1063 768 nuuc
1083 708 1141 779 hoc
1171 710 1259 771 etiam
1282 711 1451 788 sciendum,
1476 714 1556 791 quod

251 808 403 885 genetivus
428 826 544 887 quoque
565 826 654 887 supra
682 807 750 867 dicti
773 807 917 887 participii
939 810 1036 887 paene'
1056 808 1085 869 in
1108 810 1245 872 omnibus
1266 822 1418 893 assumpta
1441 834 1458 873 o
1483 816 1586 875 facita

250 909 293 969 rei
315 927 440 982 nomen,
473 920 505 972 ut
525 909 644 972 iudicati
666 908 818 981 iudicatio,
850 908 1054 983 melioratio,
1077 912 1177 971 moniti
1205 912 1342 987 monitio,
1365 912 1431 975 lecti
1455 914 1554 987 lectio,

251 1012 260 1071 i
278 1011 456 1101 paenultima
478 1012 508 1071 iu
531 1010 668 1072 omuibus
689 1016 833 1089 correpta.
878 1010 1010 1087 quamvis
1033 1010 1122 1089 igitur
1136 1014 1237 1091 regula
1255 1014 1305 1075 dot
1320 1014 1405 1075 nobis
1425 1017 1554 1095 copiam,

251 1122 309 1173 tam
331 1114 361 1173 in
381 1132 420 1184 us
443 1131 531 1192 quam
553 1114 583 1173 in
601 1113 629 1173 io
650 1110 960 1173 terminationibus-uti
975 1110 1004 1171 in
1028 1112 1291 1189 significationibus
1313 1134 1429 1189 rerum,
1452 1124 1553 1177 tamen

199 1224 233 1273 20
252 1224 403 1275 auctorum
422 1232 495 1275 usus
516 1213 601 1275 nobis
623 1212 716 1291 magia
737 1220 806 1273 suut
827 1211 1010 1273 observandi.
1048 1212 1118 1275 illud
1142 1232 1258 1293 quoque
1280 1216 1449 1291 sciendum,
1472 1218 1554 1296 quod

250 1316 342 1377 multa
369 1316 487 1377 nomina
511 1314 635 1376 verbalia
662 1313 823 1395 participiis
848 1314 939 1375 luturi
964 1314 1105 1394 temporis
1127 1314 1230 1377 similia
1252 1316 1456 1394 inveniuntur,
1481 1328 1510 1379 et
1533 1335 1589 1379 atu

250 1418 375 1497 passivis
396 1417 514 1495 quidem
536 1436 668 1496 semper,
696 1424 729 1476 ut
748 1415 891 1477 amandus
914 1432 1020 1477 nomen
1043 1406 1059 1474 ὁ
1080 1415 1232 1491 patavine,
1257 1420 1442 1500 participium
1462 1411 1478 1480 ὁ
1498 1444 1551 1497 φι-

250 1512 470 1594 ληθψόμενοςς
498 1518 649 1579 (lucendus
675 1536 783 1578 nomen
805 1507 821 1575 ti
843 1514 1010 1591 ὄιδακτέος,
1033 1516 1219 1598 participium
1243 1510 1552 1600 tidtdnxdpoo'pav033

250 1619 392 1697 legendus
415 1638 521 1680 nomeu
541 1607 789 1698 ὁᾶναγνωστέος,
810 1618 994 1699 participium
1017 1608 1373 1699 ὁάναγνωσθησόμενος;
1395 1624 1551 1687 adeundus

248 1740 355 1783 nomen
375 1710 637 1799 ὁπροσελευσιὲος,
656 1720 842 1802 participium
864 1710 1236 1797 ὁπροσελευσθησόμενος.
1270 1732 1300 1784 et
1321 1724 1351 1785 in
1371 1725 1460 1787 luturi
1484 1728 1552 1805 qui-

247 1824 314 1885 dem
338 1824 478 1904 temporis
498 1823 659 1904 participiis
680 1818 822 1903 pasl'sivis
842 1822 900 1882 lroc
919 1822 1014 1883 evenit
1036 1840 1169 1901 semper,
1192 1822 1221 1883 in
1240 1824 1342 1885 activis
1366 1836 1464 1889 autem
1488 1848 1548 1889 uon
1562 1846 1586 1887 rs

247 1945 379 2006 semper,
408 1926 459 1987 sed
488 1925 518 1985 in
546 1923 738 2002 quibusdam,
768 1932 798 1983 et
825 1923 882 1984 hoc
909 1922 938 1983 in
965 1921 1126 1996 femininis,
1157 1932 1186 1985 ut
1218 1934 1363 1987 armatura
1392 1948 1500 1991 nomen
1530 1918 1550 2005 'i

245 2018 377 2099 ὅπλισις,
401 2027 585 2106 participium
604 2016 623 2102 ἡ
646 2016 822 2097 indicorum
844 2024 930 2085 litura
956 2044 1064 2086 nomen
1086 2012 1105 2100 ri
1128 2012 1298 2103 ἆπαλοιφή,
1320 2029 1505 2109 participium
1531 2021 1550 2107 ἡ

243 2118 466 2204 &mulctationem
497 2128 642 2207 scriptura
661 2146 768 2187 nomen
788 2117 806 2202 ἡ
823 2120 942 2205 γραφή,
964 2124 1159 2207 particilpium
1182 2116 1200 2202 ἡ
1217 2120 1383 2206 γράψουσα.
1428 2143 1472 2191 εει
1495 2152 1549 2193 au-

245 2240 303 2291 tem
324 2229 453 2290 invenire
475 2229 593 2289 uomina
612 2228 751 2289 adiectiva
772 2228 924 2289 homiuum
946 2238 976 2289 et
1000 2228 1118 2289 mobilia
1141 2228 1168 2287 iu
1194 2230 1330 2289 omnibus
1351 2230 1455 2291 similia
1479 2250 1548 2311 par·

245 2331 351 2411 ticipiis
371 2330 519 2411 praeteriti
547 2329 702 2409 temporis,
731 2330 818 2389 etiam
847 2330 877 2391 iu
899 2330 1111 2402 declinatione,
1140 2338 1173 2391 ut
1194 2329 1298 2392 doctus
1323 2350 1430 2393 nomen
1459 2324 1580 2393 deri-ao

245 2432 416 2507 παίδευτος,
440 2431 624 2512 participium
646 2421 867 2504 inuadendum
889 2440 1019 2493 armatus
1041 2450 1149 2493 nomeu
1170 2421 1186 2489 ὁ
1205 2423 1341 2508 ὁπλίτης,
1359 2434 1546 2515 participium

194 2538 226 2587 ²1
245 2524 261 2594 ὁ
281 2526 443 2605 introduc.
489 2541 519 2594 et
536 2533 703 2607 sciendum,
721 2532 816 2612 quod,
841 2532 867 2595 si
890 2533 949 2595 siut
972 2533 1091 2593 nomina
1110 2530 1242 2607 mobilia,
1265 2552 1325 2593 uon
1350 2546 1476 2614 possunt
1497 2556 1548 2598 ea·

243 2637 310 2698 dem
333 2635 419 2698 etiam
443 2654 541 2699 rerum
565 2654 647 2710 esse,
677 2643 709 2697 ut
729 2635 834 2697 doctus
856 2643 1000 2711 armatum
1030 2642 1058 2696 et
1084 2642 1202 2708 contra,
1224 2632 1247 2696 si
1273 2635 1332 2697 sint
1353 2655 1462 2706 rerum.
1484 2657 1542 2701 non

244 2741 332 2802 etiam
359 2740 510 2802 hominum
532 2738 688 2812 adiectiva,
716 2747 748 2800 ut
773 2738 904 2799 monitus
928 2737 1034 2798 aditus.
1079 2746 1147 2798 sunt
1171 2737 1257 2798 etiam
1278 2739 1421 2816 quaedam
1444 2759 1542 2802 rerum

242 2842 397 2917 vocabula,
418 2859 494 2920 qnae
508 2840 668 2922 participiis
688 2840 801 2902 neutris
818 2839 966 2920 praeteriti
986 2838 1127 2918 temporis
1149 2837 1252 2899 similia
1276 2849 1359 2914 sunt,
1383 2849 1414 2902 ut
1432 2842 1575 2902 factumn

243 2963 350 3006 nomen
377 2933 411 3004 τὸ
436 2941 538 3021 ἔργον,
561 2941 746 3023 participium
769 2931 801 3002 τὸ
822 2935 959 3020 γεγονόςς
977 2941 1070 3002 visum
1097 2959 1203 3001 nouren
1224 2929 1401 3020 ἡόπτασία,
1424 2944 1542 3024 partiri-

242 3048 322 3127 pium
350 3041 383 3106 τὸ
405 3036 527 3124 ipolito.
571 3055 617 3106 cst
641 3042 729 3104 etiam
756 3042 872 3122 quaudo
895 3041 1060 3122 praesentis
1081 3041 1221 3122 temporis
1245 3043 1407 3124 participiis
1436 3045 1539 3106 similia

242 3147 429 3209 inveniuntur
456 3146 573 3208 uomina
602 3146 758 3219 adiectus,
792 3153 824 3205 ut
855 3145 973 3224 sapiens
1002 3161 1109 3204 nomeu
1138 3133 1154 3201 ὁ
1179 3135 1287 3218 σοφός,
1312 3145 1500 3226 participium
1525 3133 1540 3206 ὅ

242 3250 379 3327 φρονώνς
402 3267 505 3310 amans
519 3267 627 3310 nomen
647 3238 664 3306 ὁ
683 3238 1018 3332 lpnnad3,'participium
1042 3235 1158 3324 ὁὲρῶν.
1189 3245 1240 3305 sed
1264 3263 1372 3306 nomeu
1395 3249 1539 3325 genetivo,
1577 3242 1583 3253 '

241 3351 427 3431 participium
449 3357 546 3410 autem
569 3348 693 3410 ablativo
718 3347 905 3425 coniungitur
927 3346 1089 3408 secundum
1111 3345 1190 3407 verbi
1212 3347 1393 3421 iuncturam,
1421 3358 1454 3409 ut
1476 3365 1572 3410 ua-st

241 3461 304 3513 tus
326 3460 361 3512 et
383 3451 391 3512 i
399 3469 464 3531 pse
482 3450 549 3511 dea
576 3439 593 3508 ὁ
617 3423 731 3528 capuae}
751 3446 783 3509 ἐκ
797 3449 883 3524 θεᾶς,
904 3459 990 3510 natus
1012 3458 1107 3510 autem
1131 3450 1203 3510 deae
1224 3439 1319 3518 ὃυίὸς
1334 3449 1408 3522 θεᾶς
1423 3450 1537 3512 dicitur.

189 3564 224 3612 tt
327 3553 467 3626 Virum,
493 3570 568 3630 quae
596 3571 664 3632 pars
692 3551 832 3613 orationis
855 3547 921 3611 est?
962 3551 1084 3611 Nomen.
1131 3549 1206 3620 Ouid
1228 3559 1272 3611 est
1295 3549 1424 3612 nomeu?
1467 3552 1538 3615 Pars

238 3655 380 3717 orationis
403 3653 649 3733 uniuscuiusque
668 3654 712 3716 rei
726 3652 896 3734 suppositae
916 3653 920 3729 Ι
940 3671 1125 3713 communem
1146 3650 1190 3710 vel
1206 3651 1353 3731 propriam
1369 3653 1537 3730 qualitatem

239 3757 418 3836 significans.
464 3755 543 3827 Quot
563 3756 701 3817 accidunt
720 3753 855 3816 nomini?
876 3754 1028 3833 Quinque,
1051 3753 1177 3832 qualitas
1196 3753 1256 3814 sive
1277 3749 1409 3834 species,
1433 3773 1536 3834 genus,

326 3979 475 4041 lquarn5
499 3993 573 4041 quem
591 3977 613 4026 S
634 3975 741 4040 quotu
825 3973 938 4042 atavis]
962 3975 1017 4026 obis
1038 3975 1060 4024 S
1076 3975 1173 4025 iobiss
1260 3973 1329 4024 {lde
1346 3974 1415 4024 ndito
1433 3975 1536 4040 quidem

238 4050 396 4112 quautnmS
498 4049 574 4097 latins
591 4057 676 4096 autern
690 4046 723 4094 de
741 4045 874 4110 participio
891 4043 974 4095 lrocS
992 4045 1065 4094 latius
1079 4043 1127 4094 hoc
1145 4044 1177 4093 de
1193 4043 1367 4110 participio'G
1452 4043 1536 4095 lhoc

237 4151 351 4202 etiamS
366 4159 450 4202 autem
470 4151 586 4202 ctiamG
652 4149 723 4201 auu
739 4163 756 4206 ς
773 4147 855 4198 urus
926 4149 957 4199 ta
976 4128 1248 4199 aransacurreuoctl:
1265 4144 1390 4196 Graecam
1408 4149 1535 4212 interpre-

236 4226 353 4272 tationem
371 4231 396 4272 et
415 4221 455 4270 dic
474 4228 499 4269 et
516 4223 541 4270 in
566 4222 597 4271 iia
613 4235 678 4285 quoe
694 4227 814 4269 secuntur
828 4217 910 4267 01ch
985 4231 1177 4268 eruoreocoeuo
1198 4216 1358 4282 participium
1378 4231 1534 4268 ouarcoccu·

237 4305 320 4341 rreuoc
343 4291 477 4340 adeundus
500 4304 592 4339 nomen
610 4302 909 4340 ourorvnerceecoueuuc
928 4287 1125 4353 participiumG
1214 4285 1243 4335 17
1260 4293 1376 4349 ansatus
1397 4285 1418 4334 0
1503 4287 1535 4338 18

236 4375 401 4412 ansatuorca
420 4361 441 4410 0
508 4358 543 4410 23
562 4374 613 4409 non
630 4367 738 4425 possunt
756 4358 846 4407 eadem
865 4371 922 4406 esse
939 4357 1069 4407 homiuum
1087 4355 1211 4405 adiectiua
1229 4357 1251 4406 S
1320 4357 1354 4404 'tu
1372 4369 1496 4406 uerrucis
1515 4357 1537 4406 0

337 4431 372 4480 30
391 4429 502 4480 ablativio
526 4427 547 4478 S
575 4429 721 4479 accusatiuo
744 4428 766 4477 0
796 4428 942 4476 accusatiuo
971 4436 1014 4474 aut
1039 4427 1150 4475 ublatiuo
1176 4425 1361 4476 latudeuannus
1449 4424 1533 4490 natus]

238 4502 318 4563 Verp.
331 4501 397 4550 Aea.
410 4500 444 4548 Vl
459 4497 495 4550 90
563 4498 598 4550 3⁶2
617 4499 781 4558 clefinffloaen
798 4497 909 4561 nominis,
928 4511 1000 4560 qaam
1017 4495 1155 4546 breuiorem
1171 4494 1218 4543 linc
1233 4497 1287 4544 tneo
1305 4493 1448 4544 exhibuisse
1464 4495 1534 4545 nide-

232 4579 275 4620 tur
290 4569 323 4629 S,
346 4571 483 4634 pleniorem
507 4567 595 4618 latua
615 4583 696 4631 supro
717 4581 744 4628 p.
764 4565 833 4623 461,
853 4564 894 4621 23,
912 4567 1038 4630 rrtpplevr't
1059 4579 1156 4615 mnan
1173 4579 1233 4630 pars
1256 4587 1290 4600 ·-
1305 4577 1333 4625 p.
1354 4561 1425 4623 too,
1443 4563 1458 4612 7
1478 4563 1533 4612 aui-

233 4639 299 4688 male
325 4641 414 4689 deletis
429 4641 519 4703 proreta
536 4637 650 4689 ver-albae
663 4638 762 4701 prioris
783 4637 930 4698 scripturae
953 4636 979 4684 ln
999 4642 1113 4684 extraria
1131 4635 1229 4698 popina
1252 4634 1350 4696 scripta
1372 4639 1430 4682 aaut
1452 4633 1478 4682 r'n
1502 4649 1534 4682 ea

232 4708 328 4759 codice.
